2517 3925
542 215 762 281 -58—·

1246 283 1248 323 ι

295 388 418 452 3ο,64.·.
464 424 471 437 .
517 424 524 437 .
571 424 578 437 .
624 424 631 437 .
678 424 685 437 .
749 377 905 439 defunctos
924 376 1013 438 obrui
1030 384 1161 457 oportet.
1246 399 1247 406 ¹

295 477 383 541 aopi.
410 464 629 546 vespertilionis
638 468 781 545 sanguine
797 462 866 547 (si)
880 473 1161 547 ventereontactus‚

410 556 441 615 in
455 562 552 616 totum
565 573 677 616 annum
691 562 832 617 caventur
841 556 912 617 vitia
925 556 1160 616 interaneorum.
1247 617 1249 642 μ

277 653 382 719 28211.
410 662 521 705 cornus
540 645 654 706 cervini
671 645 767 705 teneri
785 645 861 705 einis
879 662 948 705 eum
966 643 1075 703 cocleis
1089 643 1162 703 airi-
1247 645 1248 688 ἶ

410 734 493 793 canis
516 751 585 794 eum
608 740 685 794 testa
707 750 761 794 sua
784 734 859 794 tusis
881 734 992 793 mixtus
1015 731 1104 793 datur
1126 733 1188 792 in⁵
1247 773 1248 782 η

321 824 337 859 *
408 823 529 901 potione
552 824 621 882 vini.
658 821 728 882 iacit
755 823 865 902 optime
889 820 926 881 ad
953 820 1053 881 colum
1075 821 1160 900 potio

409 911 495 970 euius
527 911 772 990 compositionem
804 909 979 971 tradidimus
1010 910 1043 969 in
1071 927 1159 988 prae·

213 1044 343 1099 aventer
357 1046 501 1100 contactus
514 1061 545 1115 p,
559 1048 658 1101 venter
674 1046 769 1100 tactus
786 1045 818 1100 d:
846 1045 976 1100 contacto
993 1046 1090 1101 ventre
1112 1044 1161 1101 Pl.
1248 1053 1249 1124 y

141 1112 253 1183 <modi
266 1113 310 1183 si).
360 1121 377 1169 4
395 1115 501 1171 nervon
512 1117 565 1186 qo:
585 1115 701 1172 cervia.
718 1117 722 1184 ι
742 1117 878 1172 oaeeoo
891 1117 1031 1171 memor
1043 1131 1094 1171 m.
1110 1116 1160 1170 Pa.
1248 1129 1249 1178 p

179 1185 293 1255 opotio
312 1184 349 1241 ad
368 1186 462 1243 oolam
479 1188 506 1243 d.

279 1429 372 1489 toltit
409 1424 490 1481 etad
518 1426 631 1498 cyathos
659 1425 728 1482 duos
756 1427 833 1500 potui
859 1424 949 1481 datur.
985 1422 1060 1479 radix
1082 1424 1161 1479 simi·
1249 1417 1250 1424 ’

154 1492 372 1569 (Mitti-¹73)-
408 1509 473 1565 liter
493 1512 616 1584 asparagi
639 1510 702 1566 trita
725 1518 753 1566 et
774 1512 802 1565 in
825 1512 887 1567 rino
909 1510 988 1583 potui
1009 1507 1070 1563 data
1087 1507 1161 1564 lum·

407 1592 505 1651 borum
528 1594 617 1651 dolori
639 1592 772 1653 medetur.
808 1589 983 1671 [cataplasma
997 1592 1030 1649 ad
1052 1586 1203 1669 idem:]1⁰

270 1682 371 1744 20‚130.
408 1680 573 1736 nasturtium
599 1695 661 1735 cum
689 1679 799 1753 polenta
827 1678 940 1749 teritur,
969 1676 1085 1735 calidum
1107 1677 1161 1733 im-

260 1757 328 1831 *(2)
407 1764 528 1837 ponitur.
567 1762 670 1820 secutae
693 1762 784 1819 viridis
812 1762 876 1819 ioiia
905 1764 1018 1819 tritaet
1043 1762 1073 1817 in
1096 1762 1160 1818 rino

295 1852 370 1914 29,32
410 1849 492 1905 mixta
513 1855 541 1904 et
562 1848 688 1923 imposita
709 1845 821 1905 mirifice
839 1855 944 1904 sanant.
981 1846 1042 1903 lana
1063 1844 1161 1903 sucida

153 1920 292 1992 (Merop.
305 1926 374 1993 171).
409 1932 437 1988 in
460 1932 521 1990 oleo
544 1932 604 2007 pice
626 1931 727 2006 liquida
742 1932 874 2008 sulphure
895 1932 955 1988 vivo
978 1932 1050 1987 nitro
1072 1930 1159 1987 attico
1251 1951 1253 1978 ι

408 2015 561 2074 fervefactis
576 2018 690 2073 intincta
713 2033 793 2091 quam
808 2015 867 2073 fieri
889 2025 981 2091 potest
996 2015 1160 2074 calidissima
1175 2018 1201 2058 1⁵
1251 2046 1252 2049 =

270 2103 372 2171 312176.
408 2099 500 2157 bisin
528 2100 572 2157 die
594 2102 714 2176 ponitur.
750 2100 868 2176 sulphur
893 2102 981 2158 vivum
1007 2101 1160 2175 imponitur

328 2205 332 2210 ·
408 2201 470 2240 cum
492 2184 580 2259 adipe.

481 2315 686 2386 (Renibus.)

218 2433 221 2438 ⁴
271 2413 373 2476 20227.
472 2409 554 2466 Radia
572 2410 683 2468 feniculi
697 2428 759 2468 cum
775 2412 859 2468 tisana
875 2411 987 2467 decocta
1002 2418 1030 2466 et
1051 2409 1158 2467 incito

409 2493 471 2550 data
485 2510 581 2551 renum
596 2495 744 2552 densitates
759 2495 874 2567 retaxat,
897 2503 924 2551 et
947 2493 1067 2551 eiusdem
1087 2495 1160 2551 radi·

410 2579 448 2634 eis
471 2595 553 2636 sucus
568 2579 601 2636 ad
623 2580 737 2654 cyathos
759 2580 829 2636 duos
844 2579 873 2636 in
894 2580 956 2636 rino
974 2580 1052 2653 potui
1075 2578 1158 2636 datus
1173 2585 1202 2626 ²⁰

259 2655 330 2730 *(2)
410 2662 568 2720 mirabiliter
593 2666 657 2722 vitia
682 2672 768 2721 sanat.
812 2665 915 2722 urticae
942 2679 1035 2728 semen
1061 2664 1160 2721 tritum

141 2735 307 2872 *pMcrcp
317 2743 373 2795 178.
410 2763 443 2803 ea
463 2749 518 2805 vini
540 2751 645 2824 cyathis
667 2748 753 2808 tribua
775 2749 886 2806 bibitur.
923 2749 1074 2804 vettonicae
1097 2747 1160 2822 put·

140 2819 158 2860 ⁰
172 2804 374 2874 ·P²·²⁶v3²·4⁸·)
409 2833 480 2888 reris
492 2832 594 2890 denarii
608 2833 664 2890 duo
676 2851 709 2892 ex
720 2834 823 2891 mulsae
832 2833 937 2908 cyathis
947 2830 1034 2888 trihus
1050 2830 1167 2902 iebricig

280 2920 373 2983 aomo
411 2915 528 2973 tautibus
543 2934 604 2974 cum
620 2935 690 2993 aqua
711 2917 795 2975 calida
812 2919 1001 2993 propinantur.
1030 2916 1159 2991 asparagi

155 2989 294 3058 (Mam-P·
304 2994 373 3061 179).
409 3000 485 3058 radia
508 3002 606 3059 teritur
620 3011 648 3059 et
670 3020 703 3060 ex
718 3018 748 3058 ea
770 3002 872 3059 denarii
895 3009 950 3057 tres
972 3017 1004 3057 ea
1019 3001 1075 3057 vini
1094 3017 1158 3075 cya-
1175 3000 1203 3041 ²⁵

141 3073 282 3145 (ΜΜΡ.
296 3078 373 3145 ¹79)?
409 3085 465 3143 this
488 3085 576 3142 tribus
590 3089 668 3160 potui
691 3087 791 3144 dantur
811 3084 944 3161 proficue.
979 3086 1059 3143 ocium
1073 3101 1159 3142 sucus

408 3171 517 3244 saepius
538 3169 640 3228 bibitus
661 3188 757 3229 renum
779 3173 842 3228 vitia
865 3170 990 3228 emendat
1016 3210 1157 3230 .....

198 3287 231 3336 11
251 3280 388 3338 calidum:
413 3299 448 3338 ex
465 3284 545 3339 aceto
565 3283 658 3340 calido
677 3285 716 3339 M
736 3286 811 3353 (eum
828 3284 944 3354 polenta
961 3299 997 3338 ex
1013 3283 1096 3339 aceto
1115 3281 1158 3338 in-

143 3350 242 3407 linitur
261 3352 327 3422 Pe).
375 3389 378 3396 -
404 3354 628 3412 interventibus
645 3356 690 3412 hio
708 3355 747 3410 M
767 3354 998 3425 (fervescentibus
1018 3353 1084 3425 Ph).

142 3428 178 3478 19
201 3439 282 3478 renea
304 3441 358 3494 pur
395 3425 476 3480 tPl.
504 3425 539 3494 ef.
564 3426 656 3482 Meet.
677 3443 700 3483 e.
724 3433 771 3482 25:
798 3427 880 3482 radix
901 3425 932 3480 in
953 3424 1069 3496 ptisana
1089 3424 1160 3481 dato

142 3493 222 3550 laxat
239 3511 338 3550 renum
375 3495 532 3552 entitatem.
604 3504 638 3552 22
677 3497 795 3555 ulvecia:
812 3496 898 3553 tritae
918 3497 962 3552 M.
1034 3502 1070 3552 26
1089 3512 1115 3551 ο.
1135 3515 1158 3552 a.

140 3563 174 3618 in
187 3565 255 3621 mali
273 3565 385 3635 granati
398 3567 531 3624 corticem
544 3567 621 3624 tusus
668 3610 676 3625 .
