2517 3925
547 253 588 261 —-
636 216 680 280 60
725 252 767 261 -
1178 268 1184 276 .
1240 293 1241 358 1

286 393 390 456 aetia.
419 379 488 442 lolia
506 379 575 441 rubi
592 380 623 439 in
643 397 702 459 quo
721 396 805 438 mora
823 385 988 439 nascuntur
1006 395 1076 438 cum
1098 396 1170 438 cera
1241 429 1243 443 .

152 474 392 545 24‚120(of.122).
420 477 450 531 et
481 470 597 530 rosacio
630 475 743 529 sanant.
784 467 899 528 radices
933 466 1067 528 eiusdem
1098 465 1169 527 mibi

420 557 629 637 decoquuntur
652 576 689 617 ex
707 558 774 617 rino
799 556 835 617 ad
857 558 961 617 tertias
980 574 1076 635 eoque
1099 557 1170 615 vino
1241 575 1242 578 ¹

420 647 558 708 leventur
581 645 786 726 condylomata
808 654 839 707 et
855 646 965 706 -omnia
987 647 1057 705 vitia
1081 642 1170 705 sedis.

304 748 391 812 3030.
420 752 547 797 araneus
577 735 698 816 dempto
730 737 826 815 capite
857 734 1044 815 pedibusque
1071 741 1103 793 et
1129 736 1198 793 ita⁵

420 824 577 887 infricatus
600 827 711 904 optime
731 831 815 885 sanat
833 823 1045 903 condylomata.
1076 820 1173 901 adeps
1242 815 1243 834 ³

421 916 577 977 anserinus
606 931 675 975 cum
699 930 821 975 cerussa
848 921 879 974 et
906 914 1023 973 sosacio
1047 919 1078 972 et
1102 928 1173 971 cera
1243 945 1245 980 f

320 1006 357 1060 io.
420 1006 539 1081 pontica
566 1005 739 1084 imponitur.
780 1001 869 1082 adeps
893 1003 979 1081 cygni
1007 1007 1038 1061 et
1060 999 1119 1060 hoc
1143 1007 1175 1059 et
1243 991 1244 1072 l

421 1090 663 1154 haemorrhoidas
687 1091 778 1152 sedat.
1091 1105 1095 1111 ’

491 1258 598 1315 xvn.
622 1257 764 1314 Vesicae
786 1254 899 1312 dolori
922 1257 957 1311 et
979 1254 1127 1311 calculo.

290 1387 394 1451 sepau.
490 1376 588 1437 Amuli
620 1379 772 1438 semuncia
809 1376 976 1437 conteritur
1010 1382 1041 1435 et
1073 1384 1213 1456 ovum,1⁰

423 1464 558 1526 eiusdem
586 1467 633 1524 ovi
660 1473 804 1545 putamen
831 1471 879 1524 ter
906 1461 1046 1543 impletur
1074 1481 1175 1545 passo,

422 1553 512 1633 idque
535 1556 567 1614 in
594 1553 700 1614 balneo
732 1553 985 1615 subfervefactum
1012 1553 1100 1613 datur
1124 1551 1175 1611 ad-

290 1651 394 1717 nuito.
423 1660 543 1703 versum
570 1642 711 1703 dolorem.
749 1646 829 1703 cicer
852 1644 1011 1702 arietinum
1037 1643 1069 1701 in
1098 1659 1177 1719 aqua

424 1730 611 1811 discoquitur
631 1750 701 1792 cum
719 1732 778 1793 sale
799 1739 828 1792 et
850 1749 886 1791 ex
909 1750 985 1811 aqua
1007 1748 1043 1790 ea
1065 1729 1175 1791 bibun-

425 1828 474 1882 tur
496 1820 567 1895 bini
583 1820 679 1901 cyathi
707 1839 761 1900 per
784 1819 918 1881 triduum
945 1822 977 1880 in
999 1818 1176 1880 difficultate
1189 1829 1213 1868 1⁵

309 1919 396 1982 aopi.
424 1910 541 1971 urinae:
575 1911 617 1970 sic
646 1916 676 1970 et
706 1908 811 1971 calculi
837 1910 999 1990 pelluntur.
1036 1915 1176 1989 caryotae

252 2045 254 2047 .
291 2007 396 2071 aeide.
424 2000 512 2058 tritae
535 1997 630 2059 dolori
654 2000 858 2078 imponuntur.
899 1998 1041 2060 adversus
1069 1999 1178 2059 urinae
1247 2016 1248 2071 ς

425 2085 629 2148 difficultatem
664 2087 851 2164 millefolium
885 2090 989 2149 tritum
1020 2105 1058 2147 ex
1090 2094 1177 2148 aceto
1247 2080 1248 2083 ’

308 2183 396 2246 eoos.
424 2172 545 2237 bibitur.
607 2178 726 2237 murino
767 2177 837 2236 fimo
880 2175 1013 2237 dolorem
1053 2174 1176 2236 inlinire

308 2273 396 2335 eous.
424 2263 555 2343 prodest.
606 2283 721 2326 vermes
744 2267 858 2326 terreni
881 2266 1002 2326 contriti
1028 2262 1177 2324 bibuntur
1191 2276 1216 2314 20

324 2351 360 2404 d).
425 2369 461 2411 ex
492 2355 560 2412 vino
593 2362 646 2414 aut
680 2371 776 2433 passo.
823 2353 860 2414 ad
891 2353 1020 2414 calculos
1051 2355 1177 2413 commi-

169 2569 172 2578 ’
230 2587 244 2633 1
264 2596 348 2636 caera
365 2583 394 2634 et
416 2582 522 2639 reontio
547 2585 606 2655 (aie)
624 2600 650 2654 9.
715 2592 732 2640 4
754 2586 884 2640 foventur
909 2586 1109 2654 condylomate
1126 2586 1178 2641 rb:

158 2652 270 2706 fovetur
288 2651 512 2724 condy(id)loma
529 2655 580 2725 qd.
654 2661 670 2711 7
690 2673 799 2712 carossa
821 2674 847 2727 9.
920 2663 936 2711 8
959 2657 1076 2726 pontica
1093 2658 1177 2727 qdrb

157 2777 262 2847 (More.
272 2794 304 2847 p.
318 2779 392 2847 wop
409 2776 513 2847 punica
526 2778 572 2833 Pl.
589 2779 593 2848 1
614 2782 644 2836 ei
656 2781 711 2836 hoe
725 2782 784 2851 (sic)
803 2783 832 2836 ei
844 2764 1039 2836 heimoroidas
1052 2781 1134 2836 sedai
1146 2796 1180 2849 pe

157 2851 187 2904 ei
205 2849 260 2904 hoe
278 2848 448 2904 emorroides
467 2852 549 2905 senei
566 2851 586 2904 d
604 2853 696 2920 (sanni
713 2853 795 2907 etium
813 2853 871 2921 rb).
917 2853 959 2908 tit.
977 2872 1068 2906 xvnn.
1082 2851 1178 2906 Vesei-

158 2936 207 2975 cae
226 2919 253 2998 d
272 2922 302 2976 el
320 2937 344 2978 c.
362 2936 393 2990 9,
416 2920 462 2975 Ad
479 2920 602 2976 vesicam
626 2925 656 2978 et
678 2922 819 2978 calculum
837 2925 864 2980 d.
937 2929 972 2978 to
989 2922 1086 2977 Amuli
1104 2923 1175 2994 pti!

157 3041 311 3100 semiermis
337 3044 364 3100 d.
447 3050 479 3098 11
505 3045 535 3100 et
557 3061 642 3100 orum
664 3047 800 3118 putamen
817 3015 893 3136 pici}
915 3014 1176 3119 l⁵iplel²passod.l

157 3157 283 3241 eiusdem
302 3158 349 3215 ori
366 3160 514 3286 potei‘pyler
532 3162 592 3232 (aio)
610 3178 628 3232 9
652 3161 697 3230 (cf.
716 3162 792 3218 Plio.
812 3163 844 3217 in
861 3163 911 3218 hoc
929 3161 986 3218 loeo
1004 3163 1177 3233 corruptum)

195 3234 228 3284 12
247 3229 332 3300 idque
350 3246 377 3300 9.
402 3232 407 3299 Ι
431 3247 579 3288 eversum
597 3233 676 3303 otio:
700 3249 758 3287 -sus
777 3235 803 3288 d.
877 3240 911 3288 14
930 3250 964 3288 ex
982 3250 1016 3289 ea
1034 3249 1111 3302 aque
1128 3235 1177 3289 db.

159 3298 287 3372 lbibitor
309 3305 373 3357 unm
396 3317 466 3358 corr.
485 3305 511 3367 d.
586 3309 619 3360 16
644 3304 754 3359 cauculi
770 3304 820 3374 qd.
845 3304 851 3373 1
875 3305 1019 3374 pelluntur
1040 3306 1079 3373 po
1095 3304 1177 3374 (Pl.):

158 3371 336 3444 expelluntur
353 3373 380 3428 d.
427 3377 461 3428 1e
480 3372 592 3429 inlinire
610 3390 628 3443 p
647 3373 761 3443 (illinire
780 3376 820 3446 b)=
839 3374 939 3430 illiniri
956 3375 983 3431 d.
1033 3381 1068 3431 21
1079 3378 1131 3431 aui
1138 3376 1178 3445 pb

158 3443 241 3522 (Pup
269 3443 315 3500 vel
337 3444 364 3500 d.
390 3447 394 3515 Ι
419 3442 465 3499 Ad
486 3446 540 3515 pb:
566 3445 707 3501 Adversus
725 3448 752 3502 d.
777 3448 783 3514 Ι
813 3447 944 3502 conculco
966 3447 992 3501 d.
1019 3448 1024 3515 l
1052 3446 1098 3500 Ad
1121 3446 1178 3500 oel-

162 3567 240 3624 culos
258 3543 619 3638 penindos.·lnimdenaosq'
637 3585 663 3639 9.
