2517 3925
472 224 715 288 -163-

86 386 118 445 in
142 404 175 445 se
198 386 287 446 etiam
310 385 461 447 molliendi
487 394 678 470 potestatem,
706 392 732 449 si
759 392 874 469 graecis
897 400 996 453 aucto·
1014 394 1084 450 ubi?

86 473 172 535 ribus
204 472 355 535 eredimus
393 477 481 536 etiam
514 477 681 539 nutriendi:
717 478 832 541 nullum
868 480 996 559 denique

86 562 264 623 athletarum
286 563 385 625 cibum
404 566 468 625 sine
488 565 596 626 anetho
615 584 681 627 esse
699 556 863 647 patiunttir.
894 587 996 649 aegro-

86 650 218 713 tantibus
245 653 369 732 prodest
401 671 469 714 cum
502 672 538 715 ex
566 654 631 715 oleo
664 657 844 737 tepefactum
871 657 996 718 cerebro

56 741 262 802 sinianditur.
304 743 437 805 creditur
464 743 534 805 dare
561 744 619 805 illis
642 744 755 825 aliquas
777 754 808 806 et
836 745 929 807 febris
952 750 995 807 in-

86 829 197 911 dutias,
230 833 344 911 mitigat
374 834 479 912 capitis
505 832 637 917 dolores,
669 852 830 896 nervorum
857 843 996 897 tonsuras

63 918 212 1000 relaxat,
245 939 305 981 non
338 922 521 982 dormientes
552 921 589 982 ad
622 941 706 1003 spem
738 926 847 1004 quietis
883 926 996 985 invitat.

86 1009 232 1069 stomachi
260 1010 396 1090 querelas
424 1018 544 1072 coctum
570 1014 602 1072 in
630 1030 723 1091 aquae
754 1012 866 1092 cyathis
898 1012 996 1074 tribus

85 1104 191 1175 potum
214 1100 290 1158 miro
313 1098 401 1159 modo
429 1099 553 1161 relevat:
584 1108 691 1162 ructus
718 1100 828 1161 indicio
856 1109 914 1183 est,
940 1120 995 1181 per

42 1202 69 1239 10
85 1204 177 1265 quem
209 1186 382 1269 intellegere
410 1188 497 1249 datur
531 1198 633 1268 aperta
659 1192 757 1250 omnia
789 1207 865 1269 quae
896 1189 997 1250 clausa

85 1275 274 1356 torquebant.
312 1278 492 1357 digestiones
516 1276 647 1339 adiuvat:
669 1278 736 1339 ideo
760 1286 894 1339 ventrem
916 1280 994 1339 ride-

84 1371 136 1425 tur
164 1364 309 1427 inhibere.
345 1368 496 1427 intestinis
523 1365 727 1429 laborantibus
750 1377 781 1429 et
809 1369 922 1429 ventris
945 1367 995 1427 do-

84 1452 142 1513 lori
165 1453 212 1514 vel
235 1473 271 1515 ex
294 1474 370 1535 aqua
393 1454 495 1517 datum
517 1456 548 1516 in
566 1459 688 1536 potione
712 1458 870 1518 succurrit.
907 1458 995 1517 tritae

84 1542 202 1603 radices
225 1551 255 1605 et
284 1546 430 1624 inpositae
458 1544 626 1607 fervoribus
649 1545 808 1608 medentur
831 1544 996 1607 oculorum.

44 1646 70 1686 15
85 1632 163 1692 cinis
186 1634 251 1692 eius
279 1632 434 1713 suspendit
457 1652 544 1694 uram
567 1633 704 1697 faucibus
731 1637 995 1715 ingravescentem.

85 1720 221 1781 radicum
248 1724 346 1783 acrior
374 1724 449 1783 cinis
477 1729 536 1802 est,
563 1723 637 1783 adeo
665 1730 699 1782 ut
726 1730 871 1784 curentur
899 1741 936 1782 ex
959 1740 995 1782 eo

86 1816 117 1869 et
136 1827 205 1870 caro
225 1828 365 1872 crescens
384 1819 415 1872 et
438 1809 590 1872 sordidum
605 1810 713 1871 vulnus
731 1819 761 1872 et
779 1828 855 1891 quae
873 1828 995 1889 serpere

86 1899 242 1978 incipiunt.
280 1917 382 1961 semen
409 1900 603 1962 fervefactum
634 1899 845 1981 admotumque
873 1897 996 1961 naribus

87 1987 243 2068 singultire
265 2007 326 2051 non
348 1992 469 2071 patitur.

45 2225 73 2294 bo
151 2239 268 2295 Anetum
283 2238 405 2298 calefacit
419 2246 448 2296 et
461 2241 612 2314 restringit.
639 2238 766 2313 prohibet
781 2245 996 2295 sternutamenta
1015 2243 1071 2313 (38)

85 2321 198 2379 naribus
221 2319 386 2398 oppositum.
425 2323 561 2381 deiectum
588 2324 722 2382 stomachi
746 2317 868 2400 [curat]‚
897 2324 995 2397 capitis

85 2407 210 2464 dolorem
232 2417 260 2465 et
282 2409 428 2480 vertigines
444 2401 562 2488 [sedat].
599 2410 628 2465 in
650 2425 719 2484 aqua
740 2416 851 2466 coctum
871 2415 995 2482 potatum

83 2491 285 2568 indigestiones
301 2501 328 2549 ct
343 2510 421 2552 aeres
436 2501 531 2550 ructus
548 2493 629 2551 tollit.
660 2495 688 2550 in
706 2493 892 2574 oleococtum
908 2495 996 2567 capite

85 2576 119 2633 de
134 2576 232 2634 codem
249 2586 333 2635 uncto
347 2595 473 2636 somnum
488 2578 561 2636 iacit.
590 2594 685 2635 semen
699 2579 758 2635 eius
773 2595 805 2635 ex
821 2578 883 2634 rino
898 2586 995 2652 potum

44 2663 219 2719 relectiones
243 2663 343 2719 ventris
366 2670 394 2719 et
416 2665 608 2720 intestinorum
631 2662 713 2724 tollit.

155 2942 173 2990 3
191 2935 394 3006 Agrotentibue
411 2951 438 3004 p.
493 2941 510 2989 t
529 2952 563 2990 ex
579 2936 646 3004 poi:
665 2949 716 2989 orn.
730 2936 776 2989 rb.
792 2935 797 3000 Ι
813 2933 927 2988 cerebro
944 2931 1105 2988 infunditur

81 3008 149 3077 pel:
170 3023 205 3062 ao
223 3007 319 3064 crebro
339 3005 463 3078 (cerebro
478 3007 530 3077 br)
547 3005 672 3060 inlusum
684 3007 729 3061 rb.
780 3004 935 3060 acceditur
953 3003 1029 3058 enim
1045 3004 1103 3060 illis

83 3078 149 3133 dere
169 3095 194 3133 e.
214 3080 259 3134 rb.
280 3079 284 3150 Ι
305 3080 335 3134 et
351 3077 438 3132 febris
455 3093 506 3148 pv,
528 3077 615 3133 febris
638 3079 700 3146 (om.
719 3079 759 3148 et)
777 3078 800 3131 l:
823 3093 859 3131 ex
876 3075 954 3132 febre
972 3077 1017 3132 rb.
1037 3075 1042 3144 Ι
1060 3075 1103 3146 in·

83 3147 181 3205 ducias
199 3151 266 3220 να).
322 3157 337 3206 6
355 3148 471 3220 mitiges
490 3149 551 3220 (sic)
568 3165 595 3219 p.
650 3154 666 3203 1
685 3146 850 3203 dormientis
866 3164 886 3217 9
903 3148 970 3216 (tec
986 3148 1065 3217 ew).

82 3227 98 3275 9
118 3221 204 3278 modo
221 3221 293 3278 miro
303 3223 320 3276 l.
342 3225 346 3290 Ι
370 3222 478 3277 relevet
493 3221 526 3274 cl
534 3221 594 3289 (rb,
609 3219 683 3275 solet
695 3219 837 3290 depellere
849 3219 932 3288 odoi:
955 3218 1063 3273 revelat
1076 3232 1102 3286 p.

85 3291 89 3364 l
104 3291 211 3348 indicio
229 3295 273 3348 est
289 3295 385 3348 ructus
397 3293 442 3348 rb.
498 3298 532 3347 to
550 3290 716 3362 intellegere
734 3291 817 3346 dabar
828 3291 942 3361 pedib:
961 3289 1045 3344 datur
1062 3288 1103 3341 in·

81 3363 177 3434 colligi
194 3381 211 3419 r
229 3364 274 3433 (cf.
293 3380 316 3420 e.
330 3367 384 3434 25).
400 3365 405 3432 Ι
422 3363 530 3418 omnia:
548 3364 584 3430 ef.
600 3361 660 3418 Ode
679 3364 721 3431 (os
734 3361 890 3445 stomachi).
919 3366 971 3414 ⁴11
991 3359 1105 3440 videtur

81 3438 210 3492 sennem
229 3437 247 3489 l.
303 3440 337 3490 12
356 3437 385 3490 et
402 3434 508 3489 renuis
526 3433 622 3490 dolori
643 3435 710 3504 poi:
738 3437 768 3489 et
789 3435 881 3489 renim
903 3432 949 3488 rb.
1004 3435 1039 3485 15
1061 3447 1104 3511 μι-

82 3505 313 3574 gravescentibus
339 3522 364 3561 r.-
429 3512 462 3560 16
489 3522 511 3560 r.
533 3521 601 3561 vero
628 3504 720 3560 acrior
746 3507 792 3560 rb.
859 3509 893 3559 18
920 3517 1017 3558 nemen
1043 3515 1105 3557 erus

82 3576 165 3633 firb.

888 3659 942 3716 11*
