2517 3925
537 228 735 290 ,g-

394 393 418 451 si
451 390 486 451 ad
516 408 638 451 manum
665 407 725 449 non
753 390 856 469 fuerit,
888 388 1043 447 celerrime
1076 389 1142 447 lieri

392 488 501 559 potest.
536 479 769 540 defervefactum
792 479 871 537 enim
898 476 944 536 rel
972 478 1141 536 recentissi-

393 587 474 630 mum
498 576 529 629 et
551 568 674 629 odorem
694 574 723 627 ct
744 568 822 626 vires
841 566 1034 626 vetustissimi
1056 582 1141 643 prae-

180 664 257 718 Pus.
277 673 364 735 asor.
394 666 461 719 stat.
507 665 537 717 et
565 659 590 717 si
617 657 695 716 forte
728 657 842 715 curatio
870 656 1003 732 exegerit
1035 671 1142 732 aquam

393 747 537 806 marinam
560 747 663 824 quaeri
686 746 717 805 in
740 743 971 824 mediterraneo,
999 742 1169 802 sollicito-⁵

276 871 284 885 ·
394 835 456 896 dini
483 834 566 895 locus
596 852 657 893 non
688 834 753 893 erit.
797 828 892 892 bessis
920 833 1040 892 sextarii
1072 830 1142 890 salis

376 925 499 989 marini
513 925 544 982 in
560 930 700 1001 quattuor
716 923 860 981 sextarios
879 938 973 999 aquae
987 921 1142 980 coniectus

394 1019 591 1092 temperatum
624 1029 705 1071 mare
738 1017 956 1089 repraesentat,
994 1010 1143 1069 sextarius

395 1119 464 1161 vero
493 1100 696 1161 salsissimum.
739 1100 861 1158 sivero
894 1098 961 1178 plus
988 1097 1142 1178 adiciatur,
1255 1155 1258 1185 ι,

395 1197 553 1270 exsuperat
577 1188 619 1249 sal
642 1206 749 1267 aquam
771 1206 826 1247 nec
849 1187 957 1265 liquari
978 1194 1086 1266 potest.
1158 1199 1185 1238 10
1254 1188 1257 1201 “

191 1283 237 1351 (ol.
250 1285 366 1351 14,114.)
462 1277 595 1359 Oxymcli
614 1278 758 1338 faciemus
776 1274 893 1336 duobus
914 1274 1026 1355 cyathis
1046 1273 1140 1335 mellis

394 1370 425 1427 in
449 1368 577 1427 sextario
601 1367 677 1426 aceti
700 1365 848 1425 resolutis

256 1461 366 1532 (alos.)
461 1454 672 1515 Tbalassomeli
695 1453 944 1533 quemadmodum
968 1453 1142 1514 conficiatur
1254 1524 1257 1537 1

395 1544 528 1604 dicemus
552 1542 620 1604 cum
643 1544 679 1603 ad
705 1562 794 1603 usum
817 1545 882 1603 cius
905 1544 1083 1603 venerimus.

206 1645 365 1709 rapt-73.
462 1632 544 1712 Opus
567 1634 625 1693 erit
648 1632 804 1711 aliquando
832 1640 864 1692 et
890 1631 1022 1712 polenta,
1053 1643 1185 1709 quam1⁵
1257 1691 1258 1698 ,

104 1720 108 1728 ’
135 1720 139 1725 ’
395 1723 438 1781 sic
453 1723 617 1801 comparari
632 1720 789 1801 oportebit.
814 1721 970 1800 perfusum
984 1738 1059 1799 aqua
1073 1720 1142 1779 bor·

395 1810 484 1871 deum
512 1818 598 1871 uocte
627 1829 686 1870 una
718 1812 855 1870 siccatur.
896 1808 1002 1869 deinde
1034 1812 1065 1869 in
1092 1822 1143 1869 xx

394 1894 478 1962 libris
501 1898 606 1974 hordei
628 1899 798 1968 adiciuntur
821 1906 883 1959 tres
905 1893 997 1958 librae
1020 1897 1073 1958 lini
1097 1916 1142 1958 se-

396 1991 483 2049 minis
507 1997 537 2049 ct
560 1987 703 2049 coliandri
722 1987 842 2070 selibra,
866 1988 934 2048 salis
954 1987 1142 2048 acetabulum

396 2096 497 2137 unum.
520 2085 591 2137 tunc
606 2095 692 2137 mane
706 2084 839 2137 torretur
853 2085 883 2137 et
897 2076 973 2138 mola
987 2077 1142 2155 frangitur.
1157 2089 1187 2130 2⁰

201 2177 366 2240 saltans.
460 2165 495 2226 In
522 2165 660 2226 omnibus
688 2165 891 2226 curationibus
917 2153 1142 2226 meminerimus

200 2371 333 2426 3odores
354 2387 380 2440 9.
453 2372 697 2442 5quaeri-eritr
726 2389 780 2442 que
803 2372 833 2427 in
854 2371 1058 2428 mediterraneo
1082 2372 1142 2427 solo

129 2444 179 2497 aut
196 2442 258 2497 loco
277 2458 334 2496 non
351 2441 436 2496 fuerit
454 2444 520 2511 (non
534 2442 588 2498 erit
600 2447 628 2513 9)
647 2445 702 2513 qd,
721 2443 837 2513 quaein
850 2462 887 2499 m.
900 2461 921 2500 s.
941 2446 991 2499 aut
1007 2444 1070 2498 loco
1086 2460 1143 2499 non

129 2513 184 2567 erit
206 2511 382 2568 solicitudini
406 2528 490 2567 causa
511 2513 629 2568 tolletur
646 2515 691 2568 rb.
715 2515 750 2581 cf.
771 2515 864 2569 Marc.
894 2517 922 2568 et
946 2515 970 2569 si
993 2514 1011 2568 f.
1031 2531 1055 2570 c.
1078 2531 1140 2569 exe·

129 2583 204 2654 gerit
221 2599 325 2653 aquam
343 2601 379 2638 m.
397 2584 428 2638 in
441 2583 646 2640 mediterraneo
665 2584 774 2654 quaeri,
793 2585 977 2640 sollicitudini
993 2586 1072 2640 locus
1086 2602 1143 2640 non

130 2655 196 2722 erit,
220 2653 244 2708 si
261 2654 304 2710 ita
325 2654 517 2724 prospiciatur.
566 2663 582 2711 6
602 2655 690 2712 bessis
708 2655 765 2726 (ss)
784 2656 895 2712 scutarii
912 2675 932 2711 s.
947 2675 985 2711 m.
1003 2673 1034 2726 9:
1052 2655 1143 2712 bessis

129 2724 265 2780 sextarius
294 2744 315 2780 s.
338 2743 374 2779 m.
402 2726 421 2780 d
451 2725 556 2794 (octoni
578 2727 675 2797 cyathi
696 2727 791 2796 Pus).
825 2727 945 2782 sextario
973 2727 1048 2782 enim
1075 2727 1143 2782 salis
1190 2754 1194 2758 ·

129 2797 159 2852 et
177 2795 294 2852 semiss
318 2796 449 2866 (sextario
468 2816 489 2853 s.
509 2798 538 2853 et
556 2817 577 2853 s.
596 2799 632 2868 b).
656 2799 691 2865 cf.
712 2799 804 2854 Marc.
828 2799 883 2854 duo
902 2798 977 2853 enim
996 2799 1062 2853 salis
1080 2816 1142 2852 sex-

128 2867 202 2922 tarii.
267 2867 442 2924 lconiectus
459 2885 490 2938 9,
510 2871 565 2925 -tos
583 2872 615 2924 d:
640 2867 766 2924 coniecto
784 2871 829 2924 rb.
890 2875 906 2923 8
927 2870 1054 2924 Sertorio
1073 2885 1141 2924 vero

129 2938 196 2993 salis
218 2940 247 2994 ot
269 2938 339 2995 semi
361 2939 385 2995 si
407 2938 471 3009 plus
495 2939 565 2995 adio.
589 2941 635 2996 rb.
713 2946 744 2994 11
769 2940 894 2995 oximelli
914 2957 945 3009 9,
968 2939 1100 2995 oximelle
1122 2941 1142 2995 ci

129 3009 178 3077 (sic
199 3010 256 3076 fere
277 3011 397 3080 semper).
426 3015 540 3065 ceterius
558 3013 592 3079 cf.
613 3012 706 3066 Marc.
739 3011 847 3078 (addito
873 3012 987 3082 pulegio
1017 3014 1047 3067 et
1074 3010 1142 3066 solis

128 3079 258 3150 modico).
296 3087 329 3134 12
347 3081 467 3137 sextano
487 3088 520 3136 .1.
539 3081 613 3138 sceti
630 3083 650 3137 d
668 3082 764 3150 (iaceti
782 3083 842 3138 cod.
861 3083 951 3153 Lugd.
970 3084 1016 3137 secl
1034 3101 1046 3137 1
1063 3084 1156 3139 linea.

128 3155 285 3206 transversa
298 3155 396 3220 posteo
413 3153 528 3207 deletum
545 3155 578 3207 io
593 3169 688 3208 ommes
704 3154 806 3221 initio).
872 3160 904 3208 13
923 3152 1142 3210 Thalassomelli

127 3237 159 3290 9,
177 3219 292 3277 'salassi
312 3223 397 3278 melle
424 3225 482 3293 (sic)
506 3225 533 3280 d.
607 3232 641 3279 14
664 3225 701 3279 ad
724 3224 783 3280 eius
801 3243 883 3280 nsum
901 3226 928 3280 d.
1003 3231 1035 3280 ta
1060 3241 1140 3294 opor-

128 3293 380 3363 tebitp:·tetdrb.
409 3299 442 3347 17
452 3297 637 3366 nootcunap:
657 3298 747 3353 nocte.
759 3304 783 3351 1.
793 3299 820 3352 d.
849 3302 883 3351 18
891 3295 1035 3365 librispri:
1053 3295 1142 3350 libras

97 3429 99 3434 Ι
127 3364 163 3418 rb
190 3365 237 3434 (ad
254 3385 290 3419 xx
308 3364 394 3420 libras
416 3364 526 3434 Marc).
615 3375 648 3423 19
672 3366 808 3422 coliandri
826 3384 856 3436 9:
884 3365 1024 3422 coriandri
1041 3367 1109 3421 cro.
1134 3366 1139 3438 Ι

128 3451 152 3490 c.
171 3436 274 3492 selibra
292 3435 407 3504 (Marc,
426 3435 527 3506 Plini:
547 3455 569 3492 c.
589 3439 686 3494 silibra
703 3454 737 3507 95
753 3455 776 3494 c.
796 3437 909 3494 seminis
927 3434 1001 3493 libra
1015 3454 1072 3493 una
1089 3439 1140 3506 rb,

127 3506 267 3633 &prodr
281 3507 307 3563 d.
333 3508 337 3575 l
367 3506 540 3562 acitabulum
557 3511 606 3579 qd.
661 3515 695 3563 20
708 3510 831 3565 torretur
843 3509 1139 3579 qrb(More.,Piiu.):

156 3595 181 3632 rr
213 3596 227 3631 r
261 3622 266 3634 .
