2517 3925
440 184 741 259 ·-1os-

110 356 155 416 sc.
180 370 227 415 vl.
273 356 371 415 omnia
403 355 492 416 simul
518 363 577 416 tam
606 356 657 417 diu
691 357 900 437 decoquuntur
927 356 1021 417 donec

109 443 263 523 inmollis
286 462 397 524 corpus
420 445 585 505 crassitudo
608 448 792 525 pinguescat.
829 464 864 507 ex
892 444 949 506 hoc
973 464 1021 505 co-

111 532 211 593 cleare
234 531 345 611 grande
372 531 493 611 plenum
517 536 627 613 optime
655 536 756 595 ieiuno
780 533 902 595 cottidie
925 532 1021 594 datur.
1090 550 1093 557 ·

110 622 211 700 ipsum
243 639 313 681 vero
345 620 593 683 medicamentum
631 622 791 684 salubriter
825 625 920 684 vitreo
951 640 1021 683 uaso

77 717 262 793 5servatur5
294 710 328 770 lli
351 728 388 770 cx
411 728 447 771 eo
471 719 500 773 ct
524 713 603 773 roitu
626 714 760 773 scenasia
783 729 858 791 quae
882 710 1116 809 omnibusffl,

110 805 183 859 nota
207 806 261 859 est.
639 860 644 869 ,
739 825 740 828 ’
1047 812 1101 879 34).

179 998 286 1055 XLH.
317 999 367 1055 De
389 998 491 1081 melo,

179 1116 368 1178 Dioscorides
396 1118 476 1197 quod
503 1118 538 1179 ad
563 1118 673 1179 aestiva
701 1116 776 1177 mala
803 1112 953 1197 pertineat
979 1119 1021 1178 ita
1035 1111 1116 1177 D.1‚

110 1206 208 1266 sensit
229 1212 265 1267 ut
291 1224 326 1267 ea
349 1206 487 1267 crederet
508 1206 613 1286 flegma
642 1208 771 1288 numine,
799 1206 875 1281 tellis
898 1206 1021 1267 ardores
1046 1187 1106 1235 ¹⁵⁹·

111 1296 256 1375 excitare,
284 1294 451 1356 inflationes
479 1310 612 1377 movere,
642 1296 777 1356 neruosis
803 1294 941 1375 partibus
967 1296 1021 1354 mi·

67 1396 96 1437 ro
110 1384 192 1443 nime
215 1385 384 1444 convenire.
422 1382 549 1445 Galenus
572 1402 633 1446 non
657 1385 755 1445 omnia
777 1383 928 1445 reicienda
949 1401 1018 1463 pro·
1042 1370 1106 1430 Gal.

110 1473 230 1533 nuntiat
257 1471 308 1533 sed
340 1488 417 1551 quac
439 1480 490 1533 aut
513 1476 611 1554 aquati
635 1475 749 1553 saporis
773 1481 824 1536 aut
847 1474 946 1553 asperi
969 1453 1128 1533 autffl’75·

110 1560 189 1627 acidi
220 1568 271 1621 aul
301 1578 396 1641 prope
423 1564 551 1624 vanitate
579 1561 675 1624 dulcis
707 1569 884 1624 occurrunt:
914 1563 947 1621 in
973 1561 1021 1621 his

109 1656 228 1709 tantum
251 1666 316 1710 esse
336 1652 405 1711 vitia
425 1669 499 1729 quae
517 1652 629 1713 frustra
648 1650 787 1712 omnibus
805 1649 1021 1712 adiudioautur.

112 1881 141 1935 in
162 1880 223 1936 uiuo
246 1888 310 1955 pota
325 1889 421 1937 contra
443 1879 589 1938 lumbricos
604 1888 633 1937 et
655 1882 741 1937 tineas
756 1880 868 1936 ventris.
904 1879 1022 1936 cortices

71 1973 100 2015 1⁵
113 1965 199 2022 siccae
214 1981 276 2022 cum
291 1965 369 2040 gallis
385 1981 471 2040 aeque
487 1967 566 2023 tritae
580 1967 644 2022 vitia
659 1965 780 2022 dentium
795 1972 900 2022 curant.
928 1970 1022 2021 coctae

112 2051 141 2106 in
162 2051 226 2107 vino
248 2056 276 2106 ct
298 2051 378 2107 tritae
399 2051 545 2124 perniones
560 2058 734 2128 etlumores
758 2065 852 2107 omnes
875 2054 971 2106 curant
993 2056 1022 2104 et

112 2134 236 2208 gingivas
259 2141 407 2192 tumentes.
444 2151 514 2208 aqua
535 2137 562 2192 in
585 2151 639 2210 qua
662 2142 754 2194 coctae
777 2133 875 2190 luerint
898 2133 1022 2208 gargari-

111 2226 190 2274 zatur
211 2227 306 2277 contra
329 2235 438 2277 uvarum
459 2229 592 2276 tumores.

177 2301 241 2360 Flos
264 2305 322 2360 cius
338 2302 458 2381 arboris,
482 2306 528 2378 qui
551 2306 658 2379 cytinos
672 2319 735 2360 roas
752 2309 877 2368 vocatur,
901 2302 1022 2358 siccatur

69 2389 140 2445 eoin
163 2385 273 2461 umbra,
295 2390 377 2446 tritus
399 2391 427 2445 in
449 2388 588 2464 pulverem
610 2388 735 2446 omnibus
750 2386 907 2444 uulneribus
930 2385 1021 2443 mede·

112 2483 168 2530 tur.
205 2489 266 2529 cum
288 2471 368 2529 melle
389 2475 472 2530 tritus
486 2474 596 2531 vulnera
616 2476 673 2531 oris
695 2482 781 2532 curat.
818 2471 971 2528 balaustion
993 2469 1022 2526 id

33 2602 39 2606 .
111 2565 156 2614 est
177 2556 315 2614 centilolia
338 2555 390 2614 llos
413 2560 470 2614 eius
492 2558 580 2616 siccus
602 2560 684 2616 tritus
700 2558 812 2615 vulnera
834 2571 903 2631 quae
925 2555 1022 2612 humo·

88 2658 172 2698 irem
194 2649 240 2698 aut
262 2644 422 2716 sanguinem
437 2644 549 2700 mittunt
571 2642 700 2700 desiccat.
730 2650 856 2699 cocturas
879 2635 940 2715 (sic)
957 2655 1023 2694 ocu·

111 2727 203 2783 lorum
226 2735 253 2783 01
275 2725 393 2784 faucium
415 2743 476 2784 cum
499 2725 579 2784 melle
601 2729 714 2792 mixtum
735 2724 818 2782 tollit.

187 2972 980 3046 10001090100000000000100000010001).
1047 2974 1131 3028 2Ex
1226 3007 1228 3011 >

112 3047 168 3102 hoc
186 3047 252 3116 9010
276 3063 310 3101 ex
328 3061 383 3116 quo
402 3045 447 3100 rb.
469 3043 473 3115 l
499 3043 623 3116 cocleare
641 3045 707 3114 ool:
735 3044 846 3099 coclear
862 3061 878 3099 r
900 3042 1039 3113 (cochlear
1057 3047 1093 3116 b).

113 3124 130 3172 3
150 3116 257 3172 obtime
275 3133 300 3187 9.
326 3120 331 3184 l
356 3114 472 3172 cottidie
490 3114 652 3185 9000110110
670 3115 710 3170 ol.
778 3120 795 3168 4
812 3131 881 3171 vaso
897 3131 949 3187 900
976 3133 1043 3172 vose
1061 3117 1072 3171 t
1090 3115 1131 3184 (in

114 3203 181 3244 vase
199 3188 256 3258 cb).
309 3192 332 3254 ,5
350 3187 486 3242 uia-asc
504 3201 554 3241 can.
568 3187 613 3240 rb.
631 3188 635 3254 Ι
651 3181 911 3256 detumescente:
929 3186 1132 3258 1011000900ἰο

114 3275 145 3330 9,
168 3259 252 3329 roytu
275 3257 386 3328 oeyasia
403 3274 433 3328 0,
460 3259 542 3328 yortir
560 3256 709 3327 00900101.
773 3257 914 3314 6001010
940 3275 971 3314 es
990 3260 1049 3328 (sic)
1067 3275 1094 3329 9.

116 3337 131 3384 ‘l
150 3328 328 3386 Dioscorides
351 3331 396 3384 hic
417 3344 464 3399 90.
485 3331 490 3398 Ι
515 3327 635 3384 aestiva:
662 3323 698 3382 τὰ
720 3328 771 3383 τοῦ
795 3325 878 3399 ἔαρος
900 3322 1065 3400 ἀκμάζοντα
1083 3328 1132 3396 D„

114 3416 202 3457 verna
221 3401 267 3456 Pl.
286 3406 391 3470 23‚100.
412 3403 417 3469 Ι
442 3399 584 3471 pertineat
600 3414 652 3469 900
681 3400 741 3454 -net
757 3399 794 3454 rb
805 3400 843 3470 (l).
899 3405 934 3454 10
953 3399 1087 3456 Gallenos
1104 3415 1132 3464 o,

115 3471 249 3526 Galienus
267 3471 331 3540 t(r).
395 3470 614 3540 110000019οι
639 3469 701 3526 -cioi
718 3471 804 3541 01)(1).
864 3476 897 3526 12
915 3469 1042 3526 vanitate
1063 3470 1132 3539 yote

115 3557 166 3598 om.
185 3542 230 3597 rb.
288 3547 319 3596 13
339 3559 366 3610 q.
386 3541 514 3596 omnibus
531 3542 671 3596 11001101.
