2517 3925
472 198 755 309 5199-

123 362 214 443 lenit,
232 364 259 423 si
276 364 308 423 in
322 364 504 426 decaetero
524 362 612 422 detur
633 364 665 423 iu
683 362 846 425 sorbitione
861 363 1036 429 resolutum.

124 450 217 513 simili
229 449 317 513 modo
331 448 434 515 datum
453 450 604 513 fastidium
618 450 763 513 stomachi
769 452 940 529 ‚nausiantis
954 470 1035 513 arer-
1053 485 1055 489 ·

125 542 163 601 tit
182 546 211 601 ct
231 558 248 601 e
267 540 342 602 lacie
360 540 533 603 foeditatem
554 538 677 619 palloris
694 539 832 603 excludit
865 558 935 603 cum
952 558 1036 603 mero

120 629 267 691 haustum
292 628 424 691 calculos
451 629 540 691 etiem
567 626 678 708 quibem
703 630 820 692 vesicae
846 629 957 693 canalis
984 629 1035 693 oh·

95 720 258 779 ⁵struitur
279 720 311 779 iu
333 717 462 781 harenae
484 717 637 797 pulverem
660 717 756 781 solvit.

193 882 285 942 um.
316 885 367 939 De
389 882 582 957 amygdalo.

194 1000 387 1082 lmygdatrm
400 1020 520 1084 reeens,
538 1011 573 1063 ut
587 1002 689 1063 multis
702 1002 833 1083 videtur,
848 1002 1034 1064 stomachum
1068 996 1114 1050 Pi·

126 1097 241 1151 onerat.
278 1089 467 1151 Dioscorides
494 1093 584 1152 etiam
610 1089 755 1170 prodesse
781 1090 934 1151 stomacho
957 1071 1136 1152 arbi-²3275·

126 1186 239 1259 tratur,
262 1181 289 1243 si
311 1196 379 1240 cum
401 1178 532 1241 folliculo
556 1197 611 1241 suo
635 1178 760 1240 nucleus
783 1180 950 1241 devoretur.
988 1198 1034 1240 ca·
1070 1155 1109 1210 D·

126 1277 182 1347 put
205 1275 390 1348 praegravat,
418 1268 574 1347 caliginem
597 1270 706 1348 nutrit,
733 1267 926 1347 cupiditatem
949 1230 1135 1329 ωηο-μηθ’

84 1371 113 1409 1⁰
127 1358 190 1417 riae
219 1356 376 1437 voluptatis
404 1357 548 1419 accendit.
589 1358 668 1418 sicca
694 1359 783 1418 ctiam
810 1365 914 1418 contra
942 1356 1038 1418 ebrie-

126 1452 220 1506 tatem
233 1444 344 1527 valent‚
364 1448 390 1507 si
408 1453 475 1506 ante
490 1448 591 1507 viuum
609 1449 741 1526 quicque
760 1453 925 1507 sumantur.
957 1448 1039 1507 sitim

127 1552 164 1595 cx
183 1534 231 1595 his
248 1534 425 1596 inflammari
441 1534 492 1595 illo
510 1543 685 1615 argumento
704 1536 830 1598 docetur
848 1535 927 1615 quod
942 1535 1038 1615 vulpis

127 1641 198 1684 oum
225 1623 373 1703 amygdala
406 1623 592 1685 devocaverit
618 1642 674 1686 uec
702 1642 807 1703 aqamm
839 1628 870 1685 in
901 1627 1038 1704 proximo

126 1710 266 1773 hahuerit
287 1713 411 1773 interire
430 1710 574 1774 creditur.
611 1729 749 1773 somnum
772 1712 898 1794 iaciunt,
921 1714 1038 1773 urinam

87 1813 115 1853 1⁵
129 1808 261 1885 movent,
290 1801 467 1863 laminarum
494 1802 573 1862 iusta
599 1802 804 1880 praecipitant.
842 1818 911 1860 oum
926 1800 1038 1878 amulo

126 2013 258 2076 incidunt.
296 2013 385 2070 dulcia
412 2014 555 2072 stomacho
583 2015 736 2086 condaris,
766 2014 846 2071 citius
868 2020 960 2070 tamen
988 2029 1039 2088 per

125 2099 255 2155 intestina
277 2097 376 2156 iluunt.
415 2100 517 2175 gummi
545 2099 604 2160 eius
627 2114 675 2155 ore
703 2097 845 2154 detentum
868 2107 896 2154 ct
918 2098 1038 2175 glutien-
1083 2124 1090 2132 -

100 2239 103 2246 ,
125 2183 191 2240 dum
206 2185 319 2242 arterias
340 2182 422 2254 lenit,
445 2184 654 2242 vetustissimam
670 2191 773 2239 tussem
788 2185 946 2257 conpescit,
976 2198 1039 2239 cum

126 2283 203 2326 mero
226 2279 322 2343 potum
344 2267 464 2326 calculos
485 2269 514 2324 iu
535 2269 624 2326 vesica
646 2267 758 2342 frangit.

501 2402 663 2414 ——0-2-

195 2420 244 2473 De
262 2420 387 2474 tubero.

82 2525 111 2570 2⁰
191 2510 282 2569 'luber
295 2513 429 2571 virtutem
452 2512 533 2568 hahet
553 2514 707 2588 stypticam.
737 2529 819 2586 poma
839 2515 899 2588 ipsa
920 2521 1040 2570 comesta
1058 2512 1115 2580 (82)

126 2597 297 2654 stomachum
325 2597 494 2654 nausiantem
521 2604 550 2653 et
576 2595 679 2653 iluxum
701 2599 804 2654 ventris
833 2598 1038 2672 coustringunt.

128 2682 233 2741 utiliter
255 2681 354 2743 dautur
376 2683 535 2758 sauguinem
558 2679 743 2738 reicientibus.

202 2907 216 2956 1
235 2901 342 2964 sicum
361 2920 388 2958 v.
406 2903 433 2957 d.
454 2902 459 2970 Ι
484 2899 573 2958 veteri
590 2900 743 2970 pelopi).
799 2906 815 2954 3
834 2899 1001 2956 foeditatem
1019 2917 1049 2968 o,
1076 2899 1146 2956 ledi-

124 2973 400 3045 templalium
418 2989 496 3028 mero
513 2973 542 3028 h.
561 2973 599 3028 od
619 2973 759 3042 sermio
776 2972 898 3041 pertinet
920 2972 981 3040 (ecc.
1000 2971 1089 3041 Gari,
1109 2973 1147 3030 ad

123 3045 226 3112 priora
243 3059 293 3103 ecc.
313 3045 390 3106 codd.
436 3050 454 3100 4
471 3043 582 3100 vesicae
600 3041 707 3099 canaiis
720 3059 751 3112 p:
769 3042 863 3116 vesicp
878 3042 985 3098 conclis
1002 3060 1034 3111 c,
1051 3041 1148 3100 rerico

127 3113 230 3170 coralis
253 3115 290 3172 td.
316 3117 321 3185 Ι
346 3115 473 3172 obruitur
492 3115 533 3170 ld.
593 3116 635 3171 tit.
654 3114 697 3169 De
715 3114 867 3198 amygdala
884 3130 931 3184 pc.
996 3113 1064 3171 71).
1078 3131 1146 3172 roro

126 3185 217 3240 eliam
234 3186 279 3242 rh.
296 3188 300 3255 Ι
321 3187 466 3244 stomacho
484 3185 617 3256 prodesse
630 3186 676 3249 rh.
721 3191 738 3240 8
757 3203 802 3240 sm
815 3185 909 3240 nuclei
922 3187 939 3240 l.
956 3187 960 3254 1
980 3185 1046 3240 hinc
1060 3187 1148 3253 occd

127 3256 312 3327 hmigdalum
330 3275 352 3314 c.
367 3276 409 3328 pr.
425 3299 432 3312 .
448 3299 475 3314 ..
522 3263 538 3312 9
557 3257 687 3312 veneriae
704 3256 772 3325 pol:
791 3273 926 3312 venereae
944 3255 989 3313 rh.
1037 3262 1071 3312 10
1088 3256 1145 3312 vol.

127 3328 216 3384 eham
229 3329 360 3388 accondit
372 3329 418 3384 rh.
435 3331 440 3396 Ι
457 3327 568 3382 Siccam
583 3369 588 3382 .
601 3369 624 3382 ..
639 3327 718 3383 velet
731 3327 772 3381 td.
789 3328 795 3396 Ι
811 3327 897 3383 eiiam
910 3328 1001 3398 prid:
1019 3343 1085 3383 vero
1099 3327 1147 3382 rh.

165 3406 198 3454 11
219 3399 406 3470 sitim-(14)
425 3398 547 3454 creditur
564 3413 615 3453 orn.
635 3399 661 3453 d.
727 3404 760 3452 12
779 3398 872 3469 vulpis
889 3400 955 3469 pol:
985 3415 1048 3469 -pes
1064 3397 1111 3452 rb.

128 3476 163 3524 13
182 3470 327 3526 devorarit
340 3472 357 3526 l.
405 3475 438 3528 15
457 3469 552 3526 amulo
570 3469 657 3539 (Pl.):
674 3469 826 3540 amygdala
839 3471 899 3538 (sic)
912 3486 943 3540 p,
962 3468 1108 3541 amigdala
1120 3484 1148 3536 o,

129 3541 274 3612 amigdalo
293 3543 327 3597 ld
345 3541 515 3612 (Amygdala
532 3549 644 3612 quoquc
663 3558 727 3596 cum
745 3544 842 3596 menta
859 3543 916 3611 rh).
