2517 3925
484 156 727 221 -143-

92 333 129 379 er
149 326 238 379 aceto
253 324 355 380 coctae
369 325 400 378 ct
412 319 559 397 inpositae
574 320 714 382 duritiam
728 320 816 383 lienis
833 323 1009 405 infringunt,

91 406 217 469 scabros
240 424 358 487 ungues
381 406 522 489 levigant,
550 408 651 469 ulcera
678 412 710 470 in
732 418 834 473 mento
857 414 1010 473 nascentia
1042 416 1045 423 '

91 498 288 578 extinguunt,
315 498 346 557 in
369 497 438 555 vino
462 506 562 558 coctae
591 506 622 559 et
649 500 796 578 inpositae
826 492 955 562 strumas
979 509 1010 562 et

89 585 245 665 parotidas
273 592 391 665 sanant,
422 588 620 665 gargarizatus
651 587 784 649 dolorem
813 588 948 651 dentium
976 599 1006 652 et
1019 583 1114 639 Dim·

66 686 166 735 nuvae
186 683 337 736 tumorem
355 674 504 756 mitigant,
526 683 614 755 potae
634 680 808 756 auruginem
828 686 1007 759 expugnant.
1017 660 1106 725 2²¹40·

91 763 214 843 quidam
238 770 344 843 putant
372 764 467 842 ipsam
495 764 625 826 radicem
650 768 675 826 si
703 766 779 827 collo
807 768 1008 848 suspendatur
1040 764 1096 845 (⁰12

92 852 207 914 scrofas
233 852 344 933 lugare.
1008 833 1115 903 Dm>
1161 939 1167 963 .

158 1000 274 1056 VIIII.
304 1002 353 1057 De
376 1000 472 1055 blito.
1041 1012 1087 1067 Pt.

159 1100 349 1173 Quibusdam
375 1098 442 1163 bliti
465 1108 571 1163 natura
597 1104 680 1164 iners
704 1110 734 1163 et
757 1106 821 1165 sine
846 1108 1007 1167 acrimonia
1016 1088 1104 1152 20,93.

90 1192 154 1249 risa
168 1197 227 1251 est.
263 1198 399 1251 ventrem
413 1209 509 1269 nsque
525 1191 561 1251 ad
580 1190 730 1252 choleram
743 1192 922 1273 plerumque
937 1213 1006 1257 con·

54 1292 79 1331 1⁰
90 1278 225 1339 turbant.
271 1277 467 1359 Hippocrates
503 1282 656 1360 praecepit
687 1281 723 1341 ad
756 1282 888 1344 sistenda
916 1285 1007 1345 nimia

91 1376 251 1429 menstrua
273 1368 451 1429 seminarum
478 1370 508 1429 in
536 1368 603 1429 cibo
633 1369 754 1431 dandos.
795 1371 870 1433 clavi
895 1373 1008 1452 pedum

91 1458 223 1536 inposito
247 1475 283 1517 eo
305 1456 402 1518 limari
421 1465 452 1518 et
474 1460 630 1537 comprimi
649 1460 822 1522 creduntur.
860 1480 951 1523 sucus
970 1481 1007 1523 ex

91 1548 161 1606 rino
201 1544 288 1607 datus
325 1545 439 1607 utiliter
476 1545 634 1608 adversum
664 1552 857 1628 scorpionum
893 1568 1007 1613 venena

91 1637 216 1695 resistit.
259 1635 379 1715 quidam
405 1642 512 1715 putant
539 1638 628 1695 ctiam
650 1638 749 1716 ipsum
772 1641 877 1699 tritum
905 1646 936 1700 ct
962 1642 1006 1700 in·

55 1736 81 1777 rs
92 1726 227 1802 positum
250 1723 345 1803 plagis
368 1723 490 1784 mederi.

157 1920 297 1994 lapatium
321 1920 492 1977 hortensium
515 1920 571 1977 sive
593 1935 689 1977 rumen
711 1921 812 1979 calidae
833 1929 862 1979 et
883 1930 1007 1979 austerae
1026 1925 1083 1995 (34)

94 2006 201 2061 virtutis
218 2013 270 2066 est.
307 2007 335 2061 in
356 2005 416 2063 cibo
437 2013 575 2080 sumptum
597 2016 717 2063 ventrem
739 2009 878 2082 reprimit,
902 2009 1006 2064 urinam

93 2099 243 2163 provocat,
268 2096 375 2146 ructum
398 2091 514 2159 excitat,
537 2091 707 2148 stomachum
722 2093 870 2149 confortat.
901 2094 929 2148 in
944 2095 1006 2151 vino

93 2184 202 2230 coctum
226 2177 318 2230 tritum
341 2182 458 2231 strumas
474 2181 502 2229 et
523 2174 662 2247 parotidas
677 2184 769 2240 curat,
792 2185 821 2234 et
844 2193 938 2234 omnes
962 2186 1006 2234 tu·

53 2271 81 2311 so
94 2276 187 2315 mores
209 2261 324 2333 spargit.

160 2396 247 2454 Blitus
262 2401 389 2454 virtutem
407 2397 487 2455 habet
504 2399 628 2474 frigidam
645 2407 672 2456 et
694 2400 872 2475 glutinosam.
901 2403 929 2458 in
944 2400 1005 2458 cibo
1024 2397 1082 2466 (33)

93 2483 257 2555 frequenter
278 2491 404 2557 sumptus
426 2485 596 2542 stomachum
619 2489 718 2542 evertit
740 2495 768 2541 et
789 2487 881 2542 colera
903 2496 1004 2543 movet.

95 2568 159 2623 iolla
183 2567 242 2623 eins
267 2569 328 2623 trita
351 2569 378 2623 in
401 2572 575 2642 scorpionum
599 2572 669 2627 ictus
692 2572 787 2645 ponito
810 2579 838 2626 et
860 2588 921 2628 cum
943 2573 1005 2627 rinc

94 2660 171 2726 pota.

167 2877 182 2924 1
201 2872 311 2942 positae
330 2873 374 2928 rb.
392 2874 396 2942 Ι
411 2872 569 2946 infringunt
586 2875 653 2944 gol:
673 2874 854 2945 confringunt
871 2875 916 2929 rb.
966 2879 982 2927 2
1001 2872 1114 2928 scabros

92 2943 181 3013 polb:
197 2943 308 2998 scrobes
317 2960 340 2997 r.
357 2946 362 3012 Ι
378 2945 541 3014 ulceraepo:
555 2945 672 3000 vnlnere
680 2946 809 3015 pultat).
827 2947 893 3000 toea
904 2960 985 3013 coepe
997 2949 1023 2998 et
1036 2945 1114 3013 opud

95 3014 225 3069 Plinium
252 3016 375 3082 massua.
411 3015 536 3070 lichenas
554 3018 595 3071 ait
615 3017 691 3072 Plin.
712 3018 717 3084 Ι
741 3036 768 3073 r.
786 3018 913 3071 iumento
933 3032 958 3072 v.
1027 3021 1044 3070 3
1068 3032 1114 3070 ex-

90 3087 210 3157 tingunt
226 3101 273 3155 pv.
320 3092 337 3140 4
351 3087 556 3157 gargarizatus:
575 3085 794 3158 ἃιακλυζὸμεναι
807 3089 846 3144 D.
899 3094 915 3142 6
929 3087 1081 3156 suspendat
1095 3088 1113 3142 l.

130 3164 146 3212 ‘1
172 3155 277 3212 scrofas
294 3173 332 3226 po
347 3162 380 3227 (r,
400 3159 480 3228 -phes
498 3159 538 3225 b):
567 3159 684 3228 glandes
703 3162 713 3213 l
735 3156 886 3230 (χοιράδας
905 3160 947 3214 ait
964 3159 1011 3228 12,
1034 3164 1066 3213 ut
1088 3164 1115 3214 et

92 3245 183 3298 σπάρτα
201 3231 340 3290 strumas).
385 3229 427 3285 tit.
446 3229 531 3283 blitto
546 3231 563 3284 t.
611 3230 725 3285 8blitti
743 3232 761 3285 l.
807 3231 937 3287 declara
953 3231 1028 3299 god,
1048 3230 1113 3285 cho·

92 3300 154 3356 lara
163 3303 180 3356 l.
219 3305 254 3355 10
267 3301 569 3371 yppotllypo-Ocralcs
582 3317 612 3371 p,
626 3304 808 3385 gpocratose.
826 3304 830 3371 Ι
845 3302 1019 3372 Hippocrate
1032 3317 1113 3370 prae·

92 3372 548 3512 ffiffrfflbgtnlffufflfftffeo
566 3375 730 3500 ppppglrpb
754 3373 1114 3512 llffldaffllzffaffi

91 3515 195 3570 tnrrb.
212 3518 217 3584 Ι
233 3485 381 3569 adversum
388 3531 440 3586 go:
455 3485 631 3572 adversnsld
641 3517 711 3586 (rb).
731 3489 783 3572 '14
791 3516 900 3574 resistit
906 3514 1057 3584 pvldzom.
1067 3512 1112 3569 νὺ.
