2517 3925
482 207 725 273 -159-

164 411 270 469 xxv.
292 412 342 469 oe
365 410 527 469 seuuemo.
553 390 555 399 '
1016 401 1095 528 2ng
1122 500 1125 506 ι

164 528 293 592 Calidum
316 532 376 593 vim
398 530 528 593 seniculo
551 534 671 595 insitam
688 550 751 593 non
773 539 873 593 tamen
895 530 1005 611 simpli·
1038 514 1105 599 o'os

96 637 163 681 cem
186 619 239 681 sed
259 621 308 683 cui
326 621 415 685 etiam
434 622 598 684 austeritas
612 623 704 683 mixta
721 622 761 681 sit
782 628 889 701 gustus
907 628 1006 681 osteo·
1025 630 1098 700 (Gal.

96 708 154 791 dit,
181 715 212 769 et
240 708 334 769 multa
359 714 515 788 praeterea
542 728 597 789 per
624 728 700 791 quae
727 707 774 772 rel
793 709 934 790 solvendi
959 708 1007 770 vel
1037 714 1100 779 Μ’.

97 796 277 858 extenuandi
303 796 350 858 rel
377 800 466 861 etiam
494 799 625 861 siccandi
652 800 791 884 exprimit
819 804 1005 878 potestatem.
1025 777 1097 843 ⁸⁸3)·

70 886 238 947 strumum
261 888 293 947 in
319 886 404 947 libris
428 896 458 949 et
486 894 642 968 serpentes
669 905 798 948 annuam
821 893 1007 960 senectutem

98 974 219 1036 feniculi
248 977 416 1053 gustatione
439 974 589 1056 deponere
614 984 644 1037 et
671 975 827 1037 oculorum
850 974 1007 1055 caliginem

97 1081 170 1125 suco
194 1065 259 1124 eius
282 1063 456 1125 excludere:
485 1065 564 1126 unde
591 1064 724 1143 intellegi
751 1063 852 1125 datum
875 1072 923 1125 est
943 1082 1005 1125 eas-

97 1151 164 1213 dem
188 1154 324 1220 virtutes¹
338 1159 369 1214 et
386 1152 566 1233 corporibus
584 1152 722 1214 humanis
739 1153 830 1214 utiles
847 1170 927 1234 esse,
951 1154 1006 1212 sic·

96 1243 142 1302 uli
164 1248 271 1321 posteo
293 1244 497 1323 experimenta
519 1241 697 1304 docuerunt.
730 1259 822 1304 sucus
844 1259 918 1321 ergo
936 1258 1006 1301 eum

58 1342 85 1382 1⁰
98 1328 185 1391 melle
218 1332 309 1392 attico
341 1332 451 1393 mixtus
488 1333 720 1395 venustissimam
751 1329 822 1391 licet
849 1330 1006 1409 caliginem

97 1418 230 1481 discutit.
266 1418 390 1483 auribus
418 1420 587 1499 purulentis
609 1419 689 1484 idem
713 1437 804 1481 sucus
826 1418 1005 1483 infunditur.

96 1506 276 1570 vermiculos
298 1511 388 1570 etiem
411 1511 464 1587 qui
489 1511 521 1569 in
549 1509 645 1571 isdem
666 1516 832 1571 nascuntur
854 1507 1005 1571 interficit.

96 1595 182 1659 radix
199 1598 232 1658 in
249 1599 365 1677 ptisana
379 1597 450 1661 data.
464 1598 541 1670 laxat
553 1616 663 1660 renum
679 1597 865 1659 densitatem.
898 1596 1004 1676 hydre-

96 1687 173 1766 picis
200 1704 237 1747 ex
265 1688 333 1747 rino
361 1686 428 1747 data
454 1688 613 1749 succurrit.
642 1695 777 1748 ·voretro
803 1683 1005 1745 laborantibus

58 1787 84 1827 15
97 1792 135 1835 ex
153 1776 222 1835 vino
241 1782 325 1836 cocta
348 1775 513 1840 lomentum
534 1792 681 1855 perquam
699 1774 771 1835 utile
789 1772 1005 1836 subministrat.

96 1866 162 1943 ipsa
184 1880 253 1924 cum
276 1863 342 1925 oleo
365 1865 437 1925 trita
454 1864 551 1926 eidem
570 1881 676 1924 causae
695 1861 841 1923 medetur.
872 1869 1006 1921 tumores

3 1958 4 1982 ³
99 1958 130 2013 et
144 1969 217 2032 quae
236 1954 298 2015 ictu
313 1952 359 2015 vel
379 1954 535 2034 repentina
549 1950 751 2032 indignatione
770 1956 917 2012 commota
935 1956 1007 2010 sunt

98 2041 167 2104 lolia
190 2059 226 2102 ex
249 2050 332 2104 aceto
352 2043 422 2103 trita
444 2041 618 2104 dissolvunt.
653 2039 809 2102 adversum
827 2043 906 2101 ictus
925 2056 1005 2099 soor-

161 2255 318 2313 lleniculum
344 2254 457 2312 calidam
479 2255 606 2311 virtutem
635 2251 860 2326 hanecintun,
887 2266 942 2308 non
966 2260 1004 2306 ta
1024 2254 1080 2323 (47)

56 2357 83 2398 no
96 2356 160 2398 men
186 2340 335 2414 simplicem
361 2339 410 2397 scd
436 2340 479 2396 eni
505 2340 586 2396 etiam
614 2339 759 2396 austeritas
784 2338 869 2393 mixta
895 2336 947 2408 sii,
976 2342 1008 2392 ut

96 2433 197 2501 gustus
219 2425 340 2482 ostendit
362 2433 389 2480 et
412 2422 496 2480 mulla
523 2432 663 2497 praeterea
684 2438 734 2498 per
755 2439 825 2498 quae
847 2420 957 2480 eluendi
979 2428 1007 2476 et

97 2508 261 2568 extenuandi
281 2509 324 2567 vel
346 2509 428 2566 etiam
448 2506 600 2566 desiccandi
622 2507 703 2565 hahet
724 2515 899 2583 potestatem.
941 2521 1006 2563 ocn-

95 2594 187 2651 lorum
214 2593 325 2650 vulnera
351 2602 379 2651 et
405 2592 544 2652 cicatrices
573 2601 660 2650 corat.
702 2594 762 2649 suci
789 2591 919 2648 loliorum
945 2591 1005 2664 eius

95 2687 189 2754 partes
212 2675 279 2735 dous
301 2678 388 2736 mellis
410 2677 504 2754 ac'apni
525 2684 629 2753 partem
646 2692 726 2733 unam
740 2675 821 2732 simul
842 2675 956 2731 misceto
978 2680 1007 2728 et

55 2776 82 2815 ss
96 2761 220 2839 tepidum
242 2763 328 2820 oculis
350 2761 498 2820 infundite.
534 2759 623 2818 radice
645 2762 704 2818 eins
726 2761 755 2816 in
776 2775 844 2833 aqna
866 2765 944 2815 cocta
965 2755 1007 2811 lo·

95 2857 160 2906 veto
182 2847 357 2923 caliginanles
380 2846 483 2905 oculos.
521 2862 615 2903 sucum
638 2846 697 2902 eius
718 2842 831 2902 infunde
851 2844 881 2899 in
903 2842 1006 2897 aurium
1119 2846 1121 2849 '

169 3069 211 3122 tit.
230 3084 342 3138 xxnup
361 3069 396 3136 (et
413 3069 454 3124 cio
470 3069 552 3122 etiam
569 3070 605 3138 o).
652 3066 769 3122 renam
787 3065 862 3134 (etl)
881 3060 1031 3118 austeritas
1044 3061 1113 3144 pol:
1132 3120 1140 3140 ι

95 3138 638 3208 sumrimsetiamrb.lmixio9ol=
665 3136 858 3192 admittere.
928 3131 1115 3188 oTradrtum

94 3210 163 3280 pol:
185 3209 377 3281 traditumque
395 3211 441 3266 rb.
462 3209 618 3278 {inlibris
637 3211 683 3279 (sc.
703 3207 797 3264 Plinii
813 3207 975 3277 20‚95‚254).
1030 3208 1045 3258 i
1065 3202 1114 3258 do

95 3281 288 3337 tumeaiini
307 3282 324 3337 l.
379 3281 544 3338 Shumanis
561 3282 627 3352 pol:
646 3296 697 3337 om.
716 3277 868 3348 solutis
885 3275 1077 3349 pulmenti.

96 3359 113 3408 9
133 3351 289 3409 docuerunt
305 3354 372 3426 (ei)
389 3368 441 3422 po:
459 3351 578 3408 docuere
595 3353 681 3423 rod).
703 3353 707 3421 Ι
728 3366 796 3421 ergo
813 3350 879 3420 pol:
904 3365 972 3419 ergo
989 3345 1050 3402 eius
1067 3345 1114 3399 rb.

134 3429 168 3478 12
191 3422 294 3480 isdem:
321 3423 432 3480 hisdem
454 3421 583 3495 poliri).
655 3429 688 3479 13
711 3420 805 3478 tisana
825 3437 864 3492 po
892 3421 1004 3491 (symm
1024 3418 1059 3486 r).

98 3500 134 3549 14
151 3495 220 3550 doto
236 3512 266 3565 p:
292 3497 362 3566 pote
378 3494 485 3564 ultro).
505 3497 510 3564 l
530 3493 648 3550 Veretro
665 3494 731 3564 poi:
754 3491 876 3549 Veterno
894 3491 940 3547 rb.
1004 3492 1038 3542 1o
1055 3500 1113 3540 me·

96 3565 200 3622 dentur
217 3582 243 3635 p.
298 3573 332 3621 18
350 3566 490 3622 Adversus
509 3567 526 3621 l.
