<?xml version="1.0" encoding="UTF-8"?>
<!DOCTYPE html PUBLIC "-//W3C//DTD XHTML 1.0 Transitional//EN"
    "http://www.w3.org/TR/xhtml1/DTD/xhtml1-transitional.dtd">
<html xmlns="http://www.w3.org/1999/xhtml" xml:lang="en" lang="en">
 <head>
  <title>
</title>
<meta http-equiv="Content-Type" content="text/html;charset=utf-8" />
  <meta name='ocr-system' content='tesseract 3.04.00' />
  <meta name='ocr-capabilities' content='ocr_page ocr_carea ocr_par ocr_line ocrx_word'/>
</head>
<body>
  <div class='ocr_page' id='page_1' title='image "./pliniisecundiqu00rosegoog_0064.png"; bbox 0 0 2517 3925; ppageno 0'>
   <div class='ocr_carea' id='block_1_1' title="bbox 503 226 724 293">
    <p class='ocr_par' dir='ltr' id='par_1_1' title="bbox 503 226 724 293">
     <span class='ocr_line' id='line_1_1' title="bbox 503 226 724 293; baseline 0.005 -20"><span class='ocrx_word' id='word_1_1' title='bbox 503 226 724 293; x_wconf 72' lang='lat'><strong>..59-</strong></span> 
     </span>
    </p>
   </div>
   <div class='ocr_carea' id='block_1_2' title="bbox 100 390 943 651">
    <p class='ocr_par' dir='ltr' id='par_1_2' title="bbox 100 390 943 651">
     <span class='ocr_line' id='line_1_2' title="bbox 103 390 943 471; baseline 0 -19"><span class='ocrx_word' id='word_1_2' title='bbox 103 390 277 454; x_wconf 87' lang='lat' dir='ltr'><strong>cordiorum</strong></span> <span class='ocrx_word' id='word_1_3' title='bbox 305 394 458 454; x_wconf 79' lang='lat' dir='ltr'><strong>curatione</strong></span> <span class='ocrx_word' id='word_1_4' title='bbox 486 391 652 453; x_wconf 84' lang='lat' dir='ltr'><strong>subiectam</strong></span> <span class='ocrx_word' id='word_1_5' title='bbox 673 394 766 471; x_wconf 92' lang='lat' dir='ltr'><strong>operi.</strong></span> <span class='ocrx_word' id='word_1_6' title='bbox 802 391 853 452; x_wconf 93' lang='lat' dir='ltr'><strong>he·</strong></span> <span class='ocrx_word' id='word_1_7' title='bbox 926 393 943 429; x_wconf 74' lang='lat'><strong>⁴²</strong></span> 
     </span>
     <span class='ocr_line' id='line_1_3' title="bbox 102 480 852 561; baseline 0.001 -20"><span class='ocrx_word' id='word_1_8' title='bbox 102 480 191 542; x_wconf 84' lang='lat' dir='ltr'><strong>derue</strong></span> <span class='ocrx_word' id='word_1_9' title='bbox 217 488 248 543; x_wconf 91' lang='lat' dir='ltr'><strong>et</strong></span> <span class='ocrx_word' id='word_1_10' title='bbox 270 480 390 561; x_wconf 86' lang='lat' dir='ltr'><strong>gladioli</strong></span> <span class='ocrx_word' id='word_1_11' title='bbox 413 499 503 543; x_wconf 92' lang='lat' dir='ltr'><strong>sucus</strong></span> <span class='ocrx_word' id='word_1_12' title='bbox 530 482 595 560; x_wconf 87' lang='lat' dir='ltr'><strong>pari</strong></span> <span class='ocrx_word' id='word_1_13' title='bbox 618 498 760 542; x_wconf 90' lang='lat' dir='ltr'><strong>mensura</strong></span> <span class='ocrx_word' id='word_1_14' title='bbox 782 498 852 542; x_wconf 91' lang='lat' dir='ltr'><strong>cum</strong></span> 
     </span>
     <span class='ocr_line' id='line_1_4' title="bbox 100 569 601 651; baseline -0.002 -20"><span class='ocrx_word' id='word_1_15' title='bbox 100 587 190 650; x_wconf 90' lang='lat' dir='ltr'><strong>passo</strong></span> <span class='ocrx_word' id='word_1_16' title='bbox 215 569 375 632; x_wconf 82' lang='lat' dir='ltr'><strong>calefactus</strong></span> <span class='ocrx_word' id='word_1_17' title='bbox 398 572 483 651; x_wconf 88' lang='lat' dir='ltr'><strong>potui</strong></span> <span class='ocrx_word' id='word_1_18' title='bbox 506 569 601 631; x_wconf 88' lang='lat' dir='ltr'><strong>datur.</strong></span> 
     </span>
    </p>
   </div>
   <div class='ocr_carea' id='block_1_3' title="bbox 168 752 551 821">
    <p class='ocr_par' dir='ltr' id='par_1_3' title="bbox 168 752 551 821">
     <span class='ocr_line' id='line_1_5' title="bbox 168 752 551 821; baseline 0.003 -12"><span class='ocrx_word' id='word_1_19' title='bbox 168 753 261 809; x_wconf 79' lang='lat' dir='ltr'><strong>m.</strong></span> <span class='ocrx_word' id='word_1_20' title='bbox 285 752 551 821; x_wconf 71' lang='lat' dir='ltr'><strong>condylomatis.</strong></span> 
     </span>
    </p>
   </div>
   <div class='ocr_carea' id='block_1_4' title="bbox 72 850 981 1022">
    <p class='ocr_par' dir='ltr' id='par_1_4' title="bbox 72 850 981 1022">
     <span class='ocr_line' id='line_1_6' title="bbox 168 850 981 934; baseline -0.002 -21"><span class='ocrx_word' id='word_1_21' title='bbox 168 850 276 913; x_wconf 87' lang='lat' dir='ltr'><strong>Oleum</strong></span> <span class='ocrx_word' id='word_1_22' title='bbox 295 861 380 915; x_wconf 87' lang='lat' dir='ltr'><strong>vetus</strong></span> <span class='ocrx_word' id='word_1_23' title='bbox 398 856 496 934; x_wconf 87' lang='lat' dir='ltr'><strong>picem</strong></span> <span class='ocrx_word' id='word_1_24' title='bbox 516 853 658 934; x_wconf 81' lang='lat' dir='ltr'><strong>pollinem</strong></span> <span class='ocrx_word' id='word_1_25' title='bbox 680 853 848 933; x_wconf 79' lang='lat' dir='ltr'>decoquere</span> <span class='ocrx_word' id='word_1_26' title='bbox 876 862 981 926; x_wconf 78' lang='lat'><strong>22,12⁷.</strong></span> 
     </span>
     <span class='ocr_line' id='line_1_7' title="bbox 72 942 917 1022; baseline 0 -21"><span class='ocrx_word' id='word_1_27' title='bbox 72 948 222 1021; x_wconf 78' lang='lat' dir='ltr'><strong>soportet</strong></span> <span class='ocrx_word' id='word_1_28' title='bbox 255 949 286 1003; x_wconf 85' lang='lat' dir='ltr'><strong>et</strong></span> <span class='ocrx_word' id='word_1_29' title='bbox 322 961 412 1022; x_wconf 87' lang='lat' dir='ltr'><strong>quam</strong></span> <span class='ocrx_word' id='word_1_30' title='bbox 443 942 657 1004; x_wconf 88' lang='lat' dir='ltr'><strong>calidissimum</strong></span> <span class='ocrx_word' id='word_1_31' title='bbox 686 944 850 1022; x_wconf 82' lang='lat' dir='ltr'><strong>imponere.</strong></span> <span class='ocrx_word' id='word_1_32' title='bbox 913 982 917 985; x_wconf 91' lang='lat'><em>-</em></span> 
     </span>
    </p>
   </div>
   <div class='ocr_carea' id='block_1_5' title="bbox 98 1076 1119 1292">
    <p class='ocr_par' dir='ltr' id='par_1_5' title="bbox 98 1076 1119 1292">
     <span class='ocr_line' id='line_1_8' title="bbox 175 1076 1119 1149; baseline -0.004 -18"><span class='ocrx_word' id='word_1_33' title='bbox 175 1083 188 1131; x_wconf 94' lang='lat'>1</span> <span class='ocrx_word' id='word_1_34' title='bbox 213 1076 397 1133; x_wconf 79' lang='lat' dir='ltr'><strong>subiectam:</strong></span> <span class='ocrx_word' id='word_1_35' title='bbox 430 1080 465 1147; x_wconf 75' lang='lat' dir='ltr'><strong>cf.</strong></span> <span class='ocrx_word' id='word_1_36' title='bbox 483 1095 578 1149; x_wconf 72' lang='lat' dir='ltr'><strong>uepra.</strong></span> <span class='ocrx_word' id='word_1_37' title='bbox 602 1095 625 1133; x_wconf 92' lang='lat' dir='ltr'><strong>c.</strong></span> <span class='ocrx_word' id='word_1_38' title='bbox 644 1085 670 1133; x_wconf 88' lang='grc'><strong>4.</strong></span> <span class='ocrx_word' id='word_1_39' title='bbox 738 1078 781 1131; x_wconf 77' lang='lat' dir='ltr'><strong>tit.</strong></span> <span class='ocrx_word' id='word_1_40' title='bbox 803 1096 873 1130; x_wconf 82' lang='lat' dir='ltr'><strong>xvm</strong></span> <span class='ocrx_word' id='word_1_41' title='bbox 905 1076 955 1144; x_wconf 79' lang='lat' dir='ltr'><strong>(sic</strong></span> <span class='ocrx_word' id='word_1_42' title='bbox 977 1090 1033 1144; x_wconf 80' lang='lat' dir='ltr'><strong>pro</strong></span> <span class='ocrx_word' id='word_1_43' title='bbox 1060 1076 1119 1140; x_wconf 75' lang='lat' dir='ltr'><strong>xvi)</strong></span> 
     </span>
     <span class='ocr_line' id='line_1_9' title="bbox 99 1143 1117 1221; baseline -0.004 -20"><span class='ocrx_word' id='word_1_44' title='bbox 99 1146 306 1203; x_wconf 76' lang='lat' dir='ltr'><strong>condilomatis</strong></span> <span class='ocrx_word' id='word_1_45' title='bbox 324 1149 453 1206; x_wconf 78' lang='lat' dir='ltr'>collectio</span> <span class='ocrx_word' id='word_1_46' title='bbox 471 1148 616 1221; x_wconf 84' lang='lat' dir='ltr'><strong>sanguinis</strong></span> <span class='ocrx_word' id='word_1_47' title='bbox 633 1167 660 1220; x_wconf 79' lang='lat' dir='ltr'><strong>g,</strong></span> <span class='ocrx_word' id='word_1_48' title='bbox 678 1148 724 1203; x_wconf 83' lang='lat' dir='ltr'><strong>Ad</strong></span> <span class='ocrx_word' id='word_1_49' title='bbox 738 1146 928 1202; x_wconf 77' lang='lat' dir='ltr'><strong>condilomatc</strong></span> <span class='ocrx_word' id='word_1_50' title='bbox 936 1148 963 1203; x_wconf 84' lang='lat' dir='ltr'><strong>d.</strong></span> <span class='ocrx_word' id='word_1_51' title='bbox 1027 1143 1117 1215; x_wconf 84' lang='lat' dir='ltr'><strong>4pol-</strong></span> 
     </span>
     <span class='ocr_line' id='line_1_10' title="bbox 98 1218 730 1292; baseline 0.002 -19"><span class='ocrx_word' id='word_1_52' title='bbox 98 1218 207 1273; x_wconf 86' lang='lat' dir='ltr'><strong>lionem</strong></span> <span class='ocrx_word' id='word_1_53' title='bbox 220 1236 247 1289; x_wconf 78' lang='lat' dir='ltr'><strong>g.</strong></span> <span class='ocrx_word' id='word_1_54' title='bbox 303 1225 319 1273; x_wconf 82' lang='lat'><strong>5</strong></span> <span class='ocrx_word' id='word_1_55' title='bbox 333 1219 477 1291; x_wconf 85' lang='lat' dir='ltr'><strong>imponere</strong></span> <span class='ocrx_word' id='word_1_56' title='bbox 490 1221 565 1292; x_wconf 71' lang='lat' dir='ltr'><strong>orba</strong></span> <span class='ocrx_word' id='word_1_57' title='bbox 584 1236 689 1291; x_wconf 87' lang='lat' dir='ltr'><strong>ponere</strong></span> <span class='ocrx_word' id='word_1_58' title='bbox 703 1220 730 1275; x_wconf 80' lang='lat' dir='ltr'><strong>d.</strong></span> 
     </span>
    </p>
   </div>
   <div class='ocr_carea' id='block_1_6' title="bbox 163 1765 427 1839">
    <p class='ocr_par' dir='ltr' id='par_1_6' title="bbox 163 1765 427 1839">
     <span class='ocr_line' id='line_1_11' title="bbox 163 1765 427 1839; baseline 0.008 -17"><span class='ocrx_word' id='word_1_59' title='bbox 163 1765 262 1835; x_wconf 77' lang='lat' dir='ltr'><strong>&lt;coli</strong></span> <span class='ocrx_word' id='word_1_60' title='bbox 285 1769 427 1839; x_wconf 80' lang='lat' dir='ltr'><strong>dolori.)</strong></span> 
     </span>
    </p>
   </div>
   <div class='ocr_carea' id='block_1_7' title="bbox 56 1857 1116 3196">
    <p class='ocr_par' dir='ltr' id='par_1_7' title="bbox 125 1857 962 1939">
     <span class='ocr_line' id='line_1_12' title="bbox 125 1857 962 1939; baseline -0.006 -20"><span class='ocrx_word' id='word_1_61' title='bbox 125 1922 128 1929; x_wconf 77' lang='grc'>,</span> <span class='ocrx_word' id='word_1_62' title='bbox 167 1857 250 1939; x_wconf 89' lang='lat' dir='ltr'><strong>[Colo</strong></span> <span class='ocrx_word' id='word_1_63' title='bbox 278 1871 305 1921; x_wconf 90' lang='lat' dir='ltr'><strong>et</strong></span> <span class='ocrx_word' id='word_1_64' title='bbox 332 1865 458 1922; x_wconf 89' lang='lat' dir='ltr'><strong>omnibus</strong></span> <span class='ocrx_word' id='word_1_65' title='bbox 487 1866 681 1923; x_wconf 86' lang='lat' dir='ltr'><strong>intestinorum</strong></span> <span class='ocrx_word' id='word_1_66' title='bbox 710 1861 850 1920; x_wconf 87' lang='lat' dir='ltr'><strong>doloribus</strong></span> <span class='ocrx_word' id='word_1_67' title='bbox 886 1866 962 1927; x_wconf 80' lang='lat'>³0,62</span> 
     </span>
    </p>

    <p class='ocr_par' dir='ltr' id='par_1_8' title="bbox 57 1936 1116 2108">
     <span class='ocr_line' id='line_1_13' title="bbox 100 1936 1116 2024; baseline -0.002 -20"><span class='ocrx_word' id='word_1_68' title='bbox 100 1989 107 2004; x_wconf 91' lang='lat'><strong>.</strong></span> <span class='ocrx_word' id='word_1_69' title='bbox 132 1990 139 2005; x_wconf 91' lang='lat'><strong>.</strong></span> <span class='ocrx_word' id='word_1_70' title='bbox 167 1990 174 2005; x_wconf 91' lang='lat'><strong>.</strong></span> <span class='ocrx_word' id='word_1_71' title='bbox 199 1946 385 2008; x_wconf 83' lang='lat' dir='ltr'><strong>efficacissime</strong></span> <span class='ocrx_word' id='word_1_72' title='bbox 408 1949 532 2008; x_wconf 87' lang='lat' dir='ltr'><strong>subvenit</strong></span> <span class='ocrx_word' id='word_1_73' title='bbox 554 1950 609 2006; x_wconf 85' lang='lat' dir='ltr'><strong>avis</strong></span> <span class='ocrx_word' id='word_1_74' title='bbox 639 1947 755 2024; x_wconf 77' lang='lat' dir='ltr'><strong>galerita</strong></span> <span class='ocrx_word' id='word_1_75' title='bbox 779 1991 786 2005; x_wconf 88' lang='lat'><strong>.</strong></span> <span class='ocrx_word' id='word_1_76' title='bbox 812 1990 820 2004; x_wconf 93' lang='lat'><strong>.</strong></span> <span class='ocrx_word' id='word_1_77' title='bbox 844 1991 852 2008; x_wconf 92' lang='lat'><strong>.</strong></span> <span class='ocrx_word' id='word_1_78' title='bbox 887 1936 1116 2005; x_wconf 59' lang='lat' dir='ltr'><strong>(Mart-ltml·</strong></span> 
     </span>
     <span class='ocr_line' id='line_1_14' title="bbox 57 2030 852 2108; baseline -0.004 -18"><span class='ocrx_word' id='word_1_79' title='bbox 57 2058 85 2099; x_wconf 72' lang='grc' dir='ltr'><strong>ιο</strong></span> <span class='ocrx_word' id='word_1_80' title='bbox 99 2034 159 2090; x_wconf 85' lang='lat' dir='ltr'><strong>sivo</strong></span> <span class='ocrx_word' id='word_1_81' title='bbox 174 2030 233 2108; x_wconf 85' lang='lat' dir='ltr'><strong>ipsa</strong></span> <span class='ocrx_word' id='word_1_82' title='bbox 250 2043 338 2092; x_wconf 86' lang='lat' dir='ltr'><strong>assata</strong></span> <span class='ocrx_word' id='word_1_83' title='bbox 358 2037 388 2092; x_wconf 93' lang='lat' dir='ltr'><strong>in</strong></span> <span class='ocrx_word' id='word_1_84' title='bbox 405 2034 465 2094; x_wconf 86' lang='lat' dir='ltr'><strong>cib&#39;o</strong></span> <span class='ocrx_word' id='word_1_85' title='bbox 481 2043 618 2108; x_wconf 83' lang='lat' dir='ltr'><strong>sumatur,</strong></span> <span class='ocrx_word' id='word_1_86' title='bbox 643 2034 700 2090; x_wconf 86' lang='lat' dir='ltr'><strong>sive</strong></span> <span class='ocrx_word' id='word_1_87' title='bbox 714 2050 776 2091; x_wconf 90' lang='lat' dir='ltr'><strong>curn</strong></span> <span class='ocrx_word' id='word_1_88' title='bbox 791 2032 852 2107; x_wconf 93' lang='lat' dir='ltr'><strong>plu-</strong></span> 
     </span>
    </p>

    <p class='ocr_par' dir='ltr' id='par_1_9' title="bbox 101 2117 852 2194">
     <span class='ocr_line' id='line_1_15' title="bbox 101 2117 852 2194; baseline -0.004 -19"><span class='ocrx_word' id='word_1_89' title='bbox 101 2119 155 2175; x_wconf 88' lang='lat' dir='ltr'><strong>mis</strong></span> <span class='ocrx_word' id='word_1_90' title='bbox 170 2119 228 2174; x_wconf 88' lang='lat' dir='ltr'><strong>suis</strong></span> <span class='ocrx_word' id='word_1_91' title='bbox 243 2117 385 2176; x_wconf 87' lang='lat' dir='ltr'><strong>combusta</strong></span> <span class='ocrx_word' id='word_1_92' title='bbox 408 2118 549 2194; x_wconf 85' lang='lat' dir='ltr'><strong>redigatur</strong></span> <span class='ocrx_word' id='word_1_93' title='bbox 569 2121 596 2176; x_wconf 91' lang='lat' dir='ltr'><strong>tn</strong></span> <span class='ocrx_word' id='word_1_94' title='bbox 612 2120 745 2190; x_wconf 88' lang='lat' dir='ltr'><strong>cinerem,</strong></span> <span class='ocrx_word' id='word_1_95' title='bbox 770 2126 852 2191; x_wconf 90' lang='lat' dir='ltr'><strong>atque</strong></span> 
     </span>
    </p>

    <p class='ocr_par' dir='ltr' id='par_1_10' title="bbox 100 2202 853 2278">
     <span class='ocr_line' id='line_1_16' title="bbox 100 2202 853 2278; baseline -0.003 -21"><span class='ocrx_word' id='word_1_96' title='bbox 100 2219 135 2258; x_wconf 86' lang='lat' dir='ltr'><strong>ex</strong></span> <span class='ocrx_word' id='word_1_97' title='bbox 164 2219 198 2258; x_wconf 92' lang='lat' dir='ltr'><strong>eo</strong></span> <span class='ocrx_word' id='word_1_98' title='bbox 227 2202 436 2278; x_wconf 84' lang='lat' dir='ltr'><strong>diligentissime</strong></span> <span class='ocrx_word' id='word_1_99' title='bbox 464 2206 530 2262; x_wconf 89' lang='lat' dir='ltr'><strong>trito</strong></span> <span class='ocrx_word' id='word_1_100' title='bbox 561 2213 636 2261; x_wconf 87' lang='lat' dir='ltr'><strong>terna</strong></span> <span class='ocrx_word' id='word_1_101' title='bbox 664 2202 796 2260; x_wconf 86' lang='lat' dir='ltr'><strong>coclearia</strong></span> <span class='ocrx_word' id='word_1_102' title='bbox 820 2217 853 2256; x_wconf 87' lang='lat' dir='ltr'><strong>ex</strong></span> 
     </span>
    </p>

    <p class='ocr_par' dir='ltr' id='par_1_11' title="bbox 100 2286 1024 2369">
     <span class='ocr_line' id='line_1_17' title="bbox 100 2286 1024 2369; baseline -0.005 -26"><span class='ocrx_word' id='word_1_103' title='bbox 100 2303 172 2361; x_wconf 85' lang='lat' dir='ltr'><strong>aqua</strong></span> <span class='ocrx_word' id='word_1_104' title='bbox 194 2286 280 2343; x_wconf 86' lang='lat' dir='ltr'><strong>calida</strong></span> <span class='ocrx_word' id='word_1_105' title='bbox 297 2291 376 2362; x_wconf 91' lang='lat' dir='ltr'><strong>potui</strong></span> <span class='ocrx_word' id='word_1_106' title='bbox 397 2305 447 2364; x_wconf 91' lang='lat' dir='ltr'><strong>per</strong></span> <span class='ocrx_word' id='word_1_107' title='bbox 469 2288 590 2346; x_wconf 85' lang='lat' dir='ltr'><strong>triduum</strong></span> <span class='ocrx_word' id='word_1_108' title='bbox 611 2286 721 2344; x_wconf 81' lang='lat' dir='ltr'><strong>dentur.</strong></span> <span class='ocrx_word' id='word_1_109' title='bbox 742 2286 853 2341; x_wconf 88' lang='lat' dir='ltr'><strong>unicum</strong></span> <span class='ocrx_word' id='word_1_110' title='bbox 888 2288 974 2353; x_wconf 62' lang='lat' dir='ltr'><strong>nupt.</strong></span> <span class='ocrx_word' id='word_1_111' title='bbox 1019 2357 1024 2369; x_wconf 40' lang='grc' dir='ltr'>Ι</span> 
     </span>
    </p>

    <p class='ocr_par' dir='ltr' id='par_1_12' title="bbox 58 2357 1058 2528">
     <span class='ocr_line' id='line_1_18' title="bbox 101 2357 1058 2449; baseline -0.004 -22"><span class='ocrx_word' id='word_1_112' title='bbox 101 2378 145 2427; x_wconf 84' lang='lat' dir='ltr'><strong>est</strong></span> <span class='ocrx_word' id='word_1_113' title='bbox 171 2372 331 2428; x_wconf 82' lang='lat' dir='ltr'><strong>intestinum</strong></span> <span class='ocrx_word' id='word_1_114' title='bbox 352 2373 481 2449; x_wconf 78' lang='lat' dir='ltr'><strong>ossifragi</strong></span> <span class='ocrx_word' id='word_1_115' title='bbox 508 2374 590 2429; x_wconf 90' lang='lat' dir='ltr'><strong>mirae</strong></span> <span class='ocrx_word' id='word_1_116' title='bbox 615 2380 745 2442; x_wconf 86' lang='lat' dir='ltr'><strong>naturae,</strong></span> <span class='ocrx_word' id='word_1_117' title='bbox 779 2368 853 2444; x_wconf 89' lang='lat' dir='ltr'><strong>quod</strong></span> <span class='ocrx_word' id='word_1_118' title='bbox 890 2358 992 2428; x_wconf 58' lang='lat' dir='ltr'><strong>(Mart</strong></span> <span class='ocrx_word' id='word_1_119' title='bbox 1012 2357 1058 2423; x_wconf 72' lang='lat' dir='ltr'><strong>ab.)</strong></span> 
     </span>
     <span class='ocr_line' id='line_1_19' title="bbox 58 2455 852 2528; baseline 0 -19"><span class='ocrx_word' id='word_1_120' title='bbox 58 2481 86 2524; x_wconf 83' lang='lat'><strong>15</strong></span> <span class='ocrx_word' id='word_1_121' title='bbox 102 2457 194 2512; x_wconf 86' lang='lat' dir='ltr'><strong>omnia</strong></span> <span class='ocrx_word' id='word_1_122' title='bbox 221 2455 351 2514; x_wconf 86' lang='lat' dir='ltr'><strong>devorata</strong></span> <span class='ocrx_word' id='word_1_123' title='bbox 372 2458 500 2514; x_wconf 84' lang='lat' dir='ltr'><strong>citissimo</strong></span> <span class='ocrx_word' id='word_1_124' title='bbox 523 2455 642 2514; x_wconf 87' lang='lat' dir='ltr'><strong>conticit.</strong></span> <span class='ocrx_word' id='word_1_125' title='bbox 682 2456 763 2512; x_wconf 87' lang='lat' dir='ltr'><strong>huius</strong></span> <span class='ocrx_word' id='word_1_126' title='bbox 789 2471 852 2528; x_wconf 89' lang='lat' dir='ltr'><strong>pars</strong></span> 
     </span>
    </p>

    <p class='ocr_par' dir='ltr' id='par_1_13' title="bbox 101 2540 851 2618">
     <span class='ocr_line' id='line_1_20' title="bbox 101 2540 851 2618; baseline 0 -24"><span class='ocrx_word' id='word_1_127' title='bbox 101 2547 224 2596; x_wconf 80' lang='lat' dir='ltr'><strong>extrema</strong></span> <span class='ocrx_word' id='word_1_128' title='bbox 247 2540 387 2614; x_wconf 81' lang='lat' dir='ltr'><strong>colligitur</strong></span> <span class='ocrx_word' id='word_1_129' title='bbox 410 2549 438 2598; x_wconf 89' lang='lat' dir='ltr'><strong>et</strong></span> <span class='ocrx_word' id='word_1_130' title='bbox 459 2543 616 2618; x_wconf 86' lang='lat' dir='ltr'><strong>reponitur,</strong></span> <span class='ocrx_word' id='word_1_131' title='bbox 644 2547 672 2598; x_wconf 89' lang='lat' dir='ltr'><strong>et</strong></span> <span class='ocrx_word' id='word_1_132' title='bbox 697 2556 759 2597; x_wconf 89' lang='lat' dir='ltr'><strong>cum</strong></span> <span class='ocrx_word' id='word_1_133' title='bbox 782 2555 851 2614; x_wconf 87' lang='lat' dir='ltr'><strong>opus</strong></span> 
     </span>
    </p>

    <p class='ocr_par' dir='ltr' id='par_1_14' title="bbox 99 2622 851 2701">
     <span class='ocr_line' id='line_1_21' title="bbox 99 2622 851 2701; baseline 0.003 -23"><span class='ocrx_word' id='word_1_134' title='bbox 99 2622 185 2680; x_wconf 85' lang='lat' dir='ltr'><strong>luerit</strong></span> <span class='ocrx_word' id='word_1_135' title='bbox 199 2626 289 2680; x_wconf 81' lang='lat' dir='ltr'><strong>ventri</strong></span> <span class='ocrx_word' id='word_1_136' title='bbox 305 2624 453 2683; x_wconf 85' lang='lat' dir='ltr'><strong>laborantis</strong></span> <span class='ocrx_word' id='word_1_137' title='bbox 474 2626 616 2701; x_wconf 81' lang='lat' dir='ltr'><strong>alligatur:</strong></span> <span class='ocrx_word' id='word_1_138' title='bbox 639 2624 760 2682; x_wconf 89' lang='lat' dir='ltr'><strong>remedio</strong></span> <span class='ocrx_word' id='word_1_139' title='bbox 782 2625 851 2680; x_wconf 90' lang='lat' dir='ltr'><strong>miro</strong></span> 
     </span>
    </p>

    <p class='ocr_par' dir='ltr' id='par_1_15' title="bbox 101 2707 850 2767">
     <span class='ocr_line' id='line_1_22' title="bbox 101 2707 850 2767; baseline 0.001 -4"><span class='ocrx_word' id='word_1_140' title='bbox 101 2723 198 2764; x_wconf 87' lang='lat' dir='ltr'><strong>omnes</strong></span> <span class='ocrx_word' id='word_1_141' title='bbox 233 2708 427 2767; x_wconf 88' lang='lat' dir='ltr'><strong>intestinorum</strong></span> <span class='ocrx_word' id='word_1_142' title='bbox 459 2710 569 2767; x_wconf 87' lang='lat' dir='ltr'><strong>dolores</strong></span> <span class='ocrx_word' id='word_1_143' title='bbox 603 2711 733 2767; x_wconf 83' lang='lat' dir='ltr'><strong>citissime</strong></span> <span class='ocrx_word' id='word_1_144' title='bbox 764 2707 850 2764; x_wconf 89' lang='lat' dir='ltr'><strong>sedat.</strong></span> 
     </span>
    </p>

    <p class='ocr_par' dir='ltr' id='par_1_16' title="bbox 56 2787 989 2952">
     <span class='ocr_line' id='line_1_23' title="bbox 87 2787 989 2866; baseline -0.007 -19"><span class='ocrx_word' id='word_1_145' title='bbox 87 2790 159 2866; x_wconf 83' lang='lat' dir='ltr'><strong>lupi</strong></span> <span class='ocrx_word' id='word_1_146' title='bbox 181 2801 289 2850; x_wconf 90' lang='lat' dir='ltr'><strong>stercus</strong></span> <span class='ocrx_word' id='word_1_147' title='bbox 311 2794 458 2852; x_wconf 82' lang='lat' dir='ltr'><strong>dummodo</strong></span> <span class='ocrx_word' id='word_1_148' title='bbox 481 2812 537 2852; x_wconf 93' lang='lat' dir='ltr'><strong>non</strong></span> <span class='ocrx_word' id='word_1_149' title='bbox 564 2796 591 2851; x_wconf 93' lang='lat' dir='ltr'><strong>in</strong></span> <span class='ocrx_word' id='word_1_150' title='bbox 614 2792 688 2850; x_wconf 83' lang='lat' dir='ltr'><strong>terra</strong></span> <span class='ocrx_word' id='word_1_151' title='bbox 714 2787 853 2849; x_wconf 86' lang='lat' dir='ltr'><strong>inventum</strong></span> <span class='ocrx_word' id='word_1_152' title='bbox 877 2793 989 2856; x_wconf 62' lang='lat' dir='ltr'><strong>anull.</strong></span> 
     </span>
     <span class='ocr_line' id='line_1_24' title="bbox 56 2875 854 2952; baseline 0.005 -24"><span class='ocrx_word' id='word_1_153' title='bbox 56 2886 110 2932; x_wconf 80' lang='lat' dir='ltr'><strong>ao.</strong></span> <span class='ocrx_word' id='word_1_154' title='bbox 134 2918 142 2932; x_wconf 90' lang='lat'><strong>.</strong></span> <span class='ocrx_word' id='word_1_155' title='bbox 167 2919 173 2932; x_wconf 89' lang='lat'><strong>.</strong></span> <span class='ocrx_word' id='word_1_156' title='bbox 204 2876 319 2952; x_wconf 88' lang='lat' dir='ltr'><strong>colliges</strong></span> <span class='ocrx_word' id='word_1_157' title='bbox 342 2888 369 2936; x_wconf 89' lang='lat' dir='ltr'><strong>et</strong></span> <span class='ocrx_word' id='word_1_158' title='bbox 392 2879 510 2937; x_wconf 86' lang='lat' dir='ltr'><strong>servabis</strong></span> <span class='ocrx_word' id='word_1_159' title='bbox 532 2887 561 2936; x_wconf 89' lang='lat' dir='ltr'><strong>et</strong></span> <span class='ocrx_word' id='word_1_160' title='bbox 587 2895 649 2936; x_wconf 89' lang='lat' dir='ltr'><strong>oum</strong></span> <span class='ocrx_word' id='word_1_161' title='bbox 672 2894 742 2952; x_wconf 92' lang='lat' dir='ltr'><strong>opus</strong></span> <span class='ocrx_word' id='word_1_162' title='bbox 769 2875 854 2933; x_wconf 85' lang='lat' dir='ltr'><strong>luerit</strong></span> 
     </span>
    </p>

    <p class='ocr_par' dir='ltr' id='par_1_17' title="bbox 100 2955 852 3039">
     <span class='ocr_line' id='line_1_25' title="bbox 100 2955 852 3039; baseline 0.001 -24"><span class='ocrx_word' id='word_1_163' title='bbox 100 2958 237 3017; x_wconf 79' lang='lat' dir='ltr'><strong>laboranti</strong></span> <span class='ocrx_word' id='word_1_164' title='bbox 249 2963 336 3020; x_wconf 89' lang='lat' dir='ltr'><strong>colico</strong></span> <span class='ocrx_word' id='word_1_165' title='bbox 349 2964 473 3038; x_wconf 77' lang='lat' dir='ltr'><strong>alligabis</strong></span> <span class='ocrx_word' id='word_1_166' title='bbox 484 2963 518 3020; x_wconf 78' lang='lat' dir='ltr'><strong>acl</strong></span> <span class='ocrx_word' id='word_1_167' title='bbox 528 2962 689 3021; x_wconf 88' lang='lat' dir='ltr'><strong>brachium.</strong></span> <span class='ocrx_word' id='word_1_168' title='bbox 703 3005 711 3019; x_wconf 92' lang='lat'><strong>.</strong></span> <span class='ocrx_word' id='word_1_169' title='bbox 724 3005 732 3019; x_wconf 93' lang='lat'><strong>.</strong></span> <span class='ocrx_word' id='word_1_170' title='bbox 745 2955 766 3039; x_wconf 84' lang='lat'><strong>.]</strong></span> <span class='ocrx_word' id='word_1_171' title='bbox 781 3004 789 3018; x_wconf 92' lang='lat'><strong>.</strong></span> <span class='ocrx_word' id='word_1_172' title='bbox 802 3003 810 3018; x_wconf 89' lang='lat'><strong>.</strong></span> <span class='ocrx_word' id='word_1_173' title='bbox 823 3001 831 3018; x_wconf 91' lang='lat'><strong>.</strong></span> <span class='ocrx_word' id='word_1_174' title='bbox 845 3001 852 3016; x_wconf 95' lang='lat'><strong>.</strong></span> 
     </span>
    </p>

    <p class='ocr_par' dir='ltr' id='par_1_18' title="bbox 100 3043 982 3123">
     <span class='ocr_line' id='line_1_26' title="bbox 100 3043 982 3123; baseline -0.005 -24"><span class='ocrx_word' id='word_1_175' title='bbox 100 3043 249 3102; x_wconf 79' lang='lat' dir='ltr'><strong>defunctos</strong></span> <span class='ocrx_word' id='word_1_176' title='bbox 261 3047 341 3104; x_wconf 91' lang='lat' dir='ltr'><strong>obrui</strong></span> <span class='ocrx_word' id='word_1_177' title='bbox 353 3057 473 3123; x_wconf 84' lang='lat' dir='ltr'><strong>oportet.</strong></span> <span class='ocrx_word' id='word_1_178' title='bbox 500 3047 704 3122; x_wconf 84' lang='lat' dir='ltr'><strong>vespertilionis</strong></span> <span class='ocrx_word' id='word_1_179' title='bbox 719 3046 853 3121; x_wconf 81' lang='lat' dir='ltr'><strong>sanguine</strong></span> <span class='ocrx_word' id='word_1_180' title='bbox 889 3045 982 3110; x_wconf 60' lang='lat' dir='ltr'><strong>tout:</strong></span> 
     </span>
    </p>

    <p class='ocr_par' dir='ltr' id='par_1_19' title="bbox 101 3130 991 3196">
     <span class='ocr_line' id='line_1_27' title="bbox 101 3130 991 3196; baseline 0.002 -10"><span class='ocrx_word' id='word_1_181' title='bbox 101 3169 272 3189; x_wconf 88' lang='grc'><strong>......</strong></span> <span class='ocrx_word' id='word_1_182' title='bbox 307 3137 407 3189; x_wconf 86' lang='lat' dir='ltr'><strong>cornus</strong></span> <span class='ocrx_word' id='word_1_183' title='bbox 430 3133 530 3189; x_wconf 87' lang='lat' dir='ltr'><strong>cervini</strong></span> <span class='ocrx_word' id='word_1_184' title='bbox 555 3172 561 3188; x_wconf 90' lang='lat'><strong>.</strong></span> <span class='ocrx_word' id='word_1_185' title='bbox 586 3174 593 3189; x_wconf 91' lang='lat'><strong>.</strong></span> <span class='ocrx_word' id='word_1_186' title='bbox 618 3177 627 3195; x_wconf 86' lang='lat'><strong>.</strong></span> <span class='ocrx_word' id='word_1_187' title='bbox 651 3174 659 3188; x_wconf 93' lang='lat'><strong>.</strong></span> <span class='ocrx_word' id='word_1_188' title='bbox 684 3174 691 3188; x_wconf 90' lang='lat'><strong>.</strong></span> <span class='ocrx_word' id='word_1_189' title='bbox 716 3171 724 3188; x_wconf 90' lang='lat'><strong>.</strong></span> <span class='ocrx_word' id='word_1_190' title='bbox 748 3173 756 3187; x_wconf 93' lang='lat'><strong>.</strong></span> <span class='ocrx_word' id='word_1_191' title='bbox 781 3175 789 3190; x_wconf 87' lang='lat'><strong>.</strong></span> <span class='ocrx_word' id='word_1_192' title='bbox 812 3170 852 3186; x_wconf 84' lang='lat'><strong>..</strong></span> <span class='ocrx_word' id='word_1_193' title='bbox 889 3130 991 3196; x_wconf 78' lang='lat'>28‚211·</span> 
     </span>
    </p>
   </div>
   <div class='ocr_carea' id='block_1_8' title="bbox 85 3207 948 3293">
    <p class='ocr_par' dir='ltr' id='par_1_20' title="bbox 85 3207 948 3293">
     <span class='ocr_line' id='line_1_28' title="bbox 85 3207 948 3293; baseline 0.008 -25"><span class='ocrx_word' id='word_1_194' title='bbox 85 3211 168 3271; x_wconf 67' lang='lat' dir='ltr'><strong>⁴iacit</strong></span> <span class='ocrx_word' id='word_1_195' title='bbox 190 3217 292 3290; x_wconf 87' lang='lat' dir='ltr'><strong>optime</strong></span> <span class='ocrx_word' id='word_1_196' title='bbox 314 3217 347 3274; x_wconf 90' lang='lat' dir='ltr'><strong>ad</strong></span> <span class='ocrx_word' id='word_1_197' title='bbox 369 3217 458 3274; x_wconf 89' lang='lat' dir='ltr'><strong>colum</strong></span> <span class='ocrx_word' id='word_1_198' title='bbox 481 3219 557 3293; x_wconf 90' lang='lat' dir='ltr'><strong>potio</strong></span> <span class='ocrx_word' id='word_1_199' title='bbox 588 3254 852 3277; x_wconf 84' lang='lat'><strong>.........</strong></span> <span class='ocrx_word' id='word_1_200' title='bbox 932 3207 948 3241; x_wconf 86' lang='lat'><strong>*</strong></span> 
     </span>
    </p>
   </div>
   <div class='ocr_carea' id='block_1_9' title="bbox 96 3355 1121 3635">
    <p class='ocr_par' dir='ltr' id='par_1_21' title="bbox 96 3355 1121 3635">
     <span class='ocr_line' id='line_1_29' title="bbox 157 3355 1119 3436; baseline -0.008 -16"><span class='ocrx_word' id='word_1_201' title='bbox 157 3369 174 3420; x_wconf 88' lang='lat'>8</span> <span class='ocrx_word' id='word_1_202' title='bbox 188 3363 265 3421; x_wconf 80' lang='lat' dir='ltr'><strong>Dedi</strong></span> <span class='ocrx_word' id='word_1_203' title='bbox 279 3367 410 3423; x_wconf 80' lang='lat' dir='ltr'><strong>Marcelli</strong></span> <span class='ocrx_word' id='word_1_204' title='bbox 422 3367 512 3424; x_wconf 79' lang='lat' dir='ltr'><strong>uerbo.</strong></span> <span class='ocrx_word' id='word_1_205' title='bbox 555 3373 588 3422; x_wconf 87' lang='grc'><strong>19</strong></span> <span class='ocrx_word' id='word_1_206' title='bbox 602 3368 669 3422; x_wconf 82' lang='lat' dir='ltr'><strong>boec</strong></span> <span class='ocrx_word' id='word_1_207' title='bbox 681 3367 723 3422; x_wconf 78' lang='lat' dir='ltr'><strong>ito</strong></span> <span class='ocrx_word' id='word_1_208' title='bbox 738 3365 783 3420; x_wconf 86' lang='lat' dir='ltr'><strong>Pl.</strong></span> <span class='ocrx_word' id='word_1_209' title='bbox 797 3380 869 3436; x_wconf 79' lang='lat' dir='ltr'><strong>quoe</strong></span> <span class='ocrx_word' id='word_1_210' title='bbox 886 3360 918 3418; x_wconf 85' lang='lat' dir='ltr'><strong>in</strong></span> <span class='ocrx_word' id='word_1_211' title='bbox 936 3355 1119 3418; x_wconf 72' lang='lat' dir='ltr'><strong>excrementis</strong></span> 
     </span>
     <span class='ocr_line' id='line_1_30' title="bbox 98 3431 1121 3513; baseline -0.007 -24"><span class='ocrx_word' id='word_1_212' title='bbox 98 3434 162 3506; x_wconf 88' lang='lat' dir='ltr'><strong>lupi</strong></span> <span class='ocrx_word' id='word_1_213' title='bbox 181 3435 304 3494; x_wconf 79' lang='lat' dir='ltr'><strong>uiximus</strong></span> <span class='ocrx_word' id='word_1_214' title='bbox 322 3437 442 3495; x_wconf 85' lang='lat' dir='ltr'><strong>inveniri</strong></span> <span class='ocrx_word' id='word_1_215' title='bbox 461 3455 535 3509; x_wconf 78' lang='lat' dir='ltr'><strong>osso,</strong></span> <span class='ocrx_word' id='word_1_216' title='bbox 559 3439 707 3494; x_wconf 78' lang='lat' dir='ltr'><strong>sibertum</strong></span> <span class='ocrx_word' id='word_1_217' title='bbox 725 3453 780 3492; x_wconf 88' lang='lat' dir='ltr'><strong>non</strong></span> <span class='ocrx_word' id='word_1_218' title='bbox 798 3432 958 3505; x_wconf 73' lang='lat' dir='ltr'><strong>attigerint,</strong></span> <span class='ocrx_word' id='word_1_219' title='bbox 981 3431 1046 3513; x_wconf 78' lang='lat' dir='ltr'><strong>colo</strong></span> <span class='ocrx_word' id='word_1_220' title='bbox 1061 3443 1121 3483; x_wconf 84' lang='lat' dir='ltr'><strong>me·</strong></span> 
     </span>
     <span class='ocr_line' id='line_1_31' title="bbox 96 3495 1121 3635; baseline -0.007 -74"><span class='ocrx_word' id='word_1_221' title='bbox 96 3506 379 3635; x_wconf 54' lang='lat' dir='ltr'><strong>pppcgrolppeopngau</strong></span> <span class='ocrx_word' id='word_1_222' title='bbox 395 3495 520 3566; x_wconf 72' lang='lat' dir='ltr'><strong>bractio.</strong></span> <span class='ocrx_word' id='word_1_223' title='bbox 548 3511 582 3578; x_wconf 71' lang='lat' dir='ltr'><strong>ef.</strong></span> <span class='ocrx_word' id='word_1_224' title='bbox 602 3525 673 3579; x_wconf 67' lang='lat' dir='ltr'><strong>quae</strong></span> <span class='ocrx_word' id='word_1_225' title='bbox 694 3509 735 3564; x_wconf 77' lang='lat' dir='ltr'><strong>co·</strong></span> <span class='ocrx_word' id='word_1_226' title='bbox 756 3511 909 3615; x_wconf 55' lang='lat' dir='ltr'><strong>comeo</strong></span> <span class='ocrx_word' id='word_1_227' title='bbox 929 3504 1065 3573; x_wconf 63' lang='lat' dir='ltr'><strong>soemo</strong></span> <span class='ocrx_word' id='word_1_228' title='bbox 1081 3497 1121 3554; x_wconf 75' lang='lat' dir='ltr'><strong>au</strong></span> 
     </span>
    </p>
   </div>
   <div class='ocr_carea' id='block_1_10' title="bbox 0 0 1264 3925">
    <p class='ocr_par' dir='ltr' id='par_1_22' title="bbox 0 0 1264 3925">
     <span class='ocr_line' id='line_1_32' title="bbox 0 0 1264 3925; baseline 0 0"><span class='ocrx_word' id='word_1_229' title='bbox 0 0 1264 3925; x_wconf 95' lang='lat' dir='ltr'><strong> </strong></span> 
     </span>
    </p>
   </div>
  </div>
 </body>
</html>
