2517 3925
457 207 677 272 -37-

61 367 143 429 melle
170 369 203 428 in
231 366 299 429 cibo
328 377 454 449 sumpta.
496 378 527 431 et
554 373 631 432 tussi
658 379 689 433 et
715 388 806 451 puna·

60 458 145 517 lentis
177 456 419 519 excreationibus
455 458 599 520 medetur.
651 460 808 521 adversum
834 464 922 536 aaut.

60 546 229 607 diuturnam
257 548 365 607 tussim
393 546 539 609 falernum
561 549 665 609 vinum
694 548 807 610 utiliter

60 634 197 696 sorbetur
229 654 347 696 merum
375 634 411 697 ab
443 639 560 700 ieiunis.
601 636 676 698 ficus
708 630 807 699 aridae
833 650 938 712 tulta.

38 732 229 803 accquuntur
249 743 319 787 cum
335 724 449 805 hysopo
467 745 504 787 ex
523 743 599 805 aqua
622 745 717 806 eaque
731 745 807 807 aqua
891 798 896 806 ¹

59 812 255 876 tussientibus
285 815 470 893 propinatur.
516 823 587 877 sunt
618 814 807 877 membranae
835 828 924 892 adpo.

58 905 87 963 in
101 901 258 963 ventribus
272 902 501 982 gallinaceorum
516 920 590 985 quae
604 906 807 984 proiciuntur:

58 991 163 1051 barum
191 993 267 1051 cinis
294 984 466 1071 potionibus
494 994 650 1073 inspersus
678 992 806 1055 destilla-

58 1082 153 1141 tiones
160 1082 294 1160 pectoris
304 1089 334 1142 et
344 1081 480 1142 humidas
489 1090 587 1145 tusses
597 1085 699 1144 siccat.
712 1090 808 1143 testae
870 1085 907 1140 ab.

29 1182 46 1221 10
59 1169 176 1230 cocleae
192 1169 303 1230 crudae
316 1172 403 1231 tritae
419 1190 487 1232 cum
501 1189 595 1251 aquae
609 1170 727 1251 tepidae
742 1190 806 1251 cya-

58 1258 115 1319 this
133 1257 233 1319 tribus
253 1258 420 1321 sorbentur.
459 1260 494 1321 ad
517 1262 624 1321 tussim
648 1260 808 1321 sedandam
834 1271 923 1335 30‚49.

58 1348 174 1408 cocleae
195 1366 265 1409 oum
282 1350 368 1409 testis
387 1350 450 1410 suis
472 1351 560 1411 tritae
579 1348 694 1410 adiecto
718 1367 807 1410 croco

58 1436 197 1498 eduntur.
235 1456 339 1498 sevum
357 1440 456 1499 ovium
475 1439 632 1499 decoctum
651 1433 721 1499 cuni
738 1440 806 1499 vino
835 1448 921 1512 adua.

58 1534 177 1587 austero
196 1528 272 1587 tussi
290 1526 434 1589 medetur.
462 1546 516 1588 ora
535 1536 619 1589 cocta
638 1545 707 1588 cum
721 1527 807 1588 melle
834 1537 922 1601 224⁷.

27 1617 126 1676 atrita
154 1616 186 1675 in
215 1614 281 1676 cibo
305 1616 422 1677 dantur.
459 1635 512 1677 ova
542 1618 635 1679 cruda
660 1619 808 1697 permixta
869 1616 905 1672 ib.

58 1722 124 1765 cum
146 1706 214 1784 pari
237 1704 324 1765 modo
352 1708 432 1785 passi
458 1704 611 1767 bibuntur.
648 1706 808 1766 sandaraca
834 1714 940 1778 34‚1tt.

58 1812 124 1855 cum
148 1795 249 1855 resina
276 1792 477 1857 terebinthina
500 1814 555 1855 ovo
583 1793 686 1856 sorbili
714 1795 808 1855 indita

59 1883 163 1945 editur.
195 1884 335 1944 ursinum
357 1883 397 1945 fel
419 1885 600 1965 permixtum
619 1901 689 1943 cum
711 1882 807 1944 melle.
835 1891 940 1956 tutta.

58 1973 162 2034 salivae
178 1974 249 2052 equi
268 1972 367 2035 triduo
386 1981 503 2054 potatae
523 1975 616 2035 ternis
635 1972 807 2053 potionibus
869 1973 905 2028 ab.

27 2075 46 2114 2⁰
58 2081 90 2122 ex
106 2081 183 2142 aqua
197 2061 291 2123 calida
311 2070 428 2124 sanant:
446 2081 558 2142 equum
571 2063 662 2124 morti
676 2062 807 2144 tradunt,

58 2151 207 2212 bominem
226 2159 339 2213 sanant.
375 2151 477 2232 pulmo
499 2154 721 2213 cervinuscum
739 2151 808 2230 gula
862 2151 906 2216 ,tb-

58 2241 203 2302 arefactus
225 2242 258 2300 in
281 2240 377 2323 fumo,
405 2241 511 2306 deinde
540 2249 626 2302 tusus
656 2259 692 2300 ex
720 2239 807 2300 melle

58 2329 176 2390 cottidie
196 2329 370 2391 sumendus.
408 2329 655 2392 sorbitiunculam
673 2347 710 2390 ex
733 2328 807 2390 alica
834 2337 940 2404 28331.

58 2437 123 2479 sero
143 2421 267 2499 caprino
286 2415 462 2498 perunctam
480 2418 577 2501 dabis,
599 2421 698 2499 picem
720 2418 805 2498 liqui·
834 2429 922 2492 24,40.

26 2507 120 2568 radam
142 2509 175 2568 in
200 2526 264 2568 ovo.
300 2509 385 2569 iocur
403 2507 466 2588 lupi
485 2517 603 2570 coctum
622 2510 688 2570 esui
711 2507 806 2569 datur.
834 2517 940 2584 aare&

125 2791 140 2839 1
161 2787 276 2856 sumpta
298 2785 372 2856 (M):
400 2789 512 2857 sumpto
535 2803 566 2856 9,
590 2789 704 2858 sumpto
722 2803 787 2841 cum
809 2785 913 2841 fahed
940 2784 1016 2851 (boec
1032 2784 1077 2840 aie

58 2857 194 2912 coenabit
210 2873 238 2912 r:
263 2872 352 2928 eaque
371 2857 438 2912 labe.
455 2857 486 2912 in
503 2857 566 2914 cibo
584 2857 630 2913 rel
649 2876 683 2914 ex
701 2857 785 2914 melle
803 2858 923 2926 sumpte
945 2855 1020 2909 uode
1037 2855 1073 2924 b).

99 2935 114 2981 6
142 2927 330 2998 propinentur
356 2929 406 2998 φά.
479 2928 713 2986 8distillationes
736 2930 786 2998 cd.
859 2923 1060 3051 9peotorisp

58 2998 174 3066 pectinis
192 3000 220 3055 d.
246 3001 250 3068 Ι
275 3000 306 3054 ed
322 2998 453 3056 humidos
470 3001 561 3055 triones
578 2999 674 3056 siccat
692 3001 794 3056 witae:
813 2999 848 3067 ef.
865 2998 911 3052 Pl.
929 2999 960 3052 et
976 3013 1038 3051 um1
1057 3013 1074 3053 e

59 3069 683 3140 (·damSill.)tuesimvelreoenstostelenit
703 3070 820 3127 Coeleue
830 3069 932 3125 crudae
945 3067 1071 3125 anuo...

59 3141 147 3209 dom
164 3143 256 3197 testae
275 3143 320 3197 bic
336 3147 436 3197 natum
451 3143 560 3198 videtur
578 3159 612 3198 ec
626 3135 710 3198 ran.
728 3145 812 3198 toste.
864 3147 897 3195 12
912 3139 1032 3196 testibus
1045 3141 1073 3197 d.

60 3210 188 3268 ladiecto
213 3227 293 3269 croco
315 3214 411 3284 yd(r)=
439 3229 502 3268 cum
521 3215 655 3285 protropo
675 3214 752 3270 Plio.
826 3219 859 3266 14
882 3211 988 3268 emtori
1004 3212 1073 3284 cdl

59 3282 154 3338 tusum
171 3300 197 3354 9.
264 3290 298 3339 16
316 3301 380 3340 cum
398 3300 481 3355 passo
500 3284 611 3355 oleique
628 3284 693 3355 peri
711 3284 794 3340 modo
815 3284 859 3338 Pl.
926 3288 958 3338 tt
978 3298 1032 3339 ovo
1051 3301 1073 3338 e.

59 3353 145 3410 indite
172 3371 222 3412 om.
249 3355 295 3410 Pl.
370 3362 403 3416 19
431 3356 519 3412 ternis
545 3355 708 3428 potionibus
730 3373 764 3412 ex
791 3372 817 3411 e
836 3370 860 3409 c.
883 3370 933 3410 om.
955 3354 1000 3408 Pt.

60 3429 90 3478 20
108 3428 369 3495 equum—sanant
386 3428 438 3497 pb:
457 3443 508 3484 om.
527 3429 554 3485 d.
577 3430 581 3498 l
606 3427 704 3482 morti:
722 3427 794 3482 mori
813 3425 858 3480 Pl.
931 3431 966 3480 28
985 3423 1074 3479 sorbi-

60 3494 210 3552 tiunculam
227 3514 278 3567 pr:
308 3496 413 3554 Sorbiti
430 3499 538 3569 ungule
560 3500 620 3568 (sic)
638 3499 659 3552 d
685 3499 775 3569 (pulte
797 3496 916 3552 ebeecie
935 3496 1000 3564 Pl).

62 3571 91 3620 24
108 3585 188 3624 seuo:
208 3568 271 3640 seul
290 3585 315 3638 9.
389 3575 423 3624 25
443 3570 502 3626 esui
519 3586 570 3638 pr:
590 3569 653 3626 usui
671 3571 698 3627 d.
