2517 3925
501 218 721 283 -55-

98 378 293 461 decoquitur,
323 379 430 440 deinde
458 398 549 441 sucus
578 383 643 443 eius
673 384 851 463 exprimitur
908 406 913 415 ·

97 474 130 527 et
152 469 237 547 potui
258 468 360 530 detur:
384 486 452 529 cum
471 477 556 530 erute
575 479 622 532 est
639 471 721 533 inula
738 479 851 533 terram

96 574 160 616 non
178 555 270 617 debet
291 565 423 636 tangere.
460 558 550 619 alirrm
573 560 604 619 in
630 560 775 639 oxymelle
799 560 848 627 de·
877 573 965 635 eope.

97 653 218 707 coctum
238 645 406 707 devoratur.
443 645 528 708 betee
548 648 689 711 candidae
708 649 848 711 decoctae
876 661 964 725 eope.

71 733 282 796 cdevorentur
309 753 378 795 cum
405 734 461 795 alio
489 736 592 797 crudo.
629 756 705 817 aqua
731 740 763 799 in
790 757 849 818 qua

97 820 194 902 lupini
217 825 353 886 coxerint
376 824 473 885 addite
499 833 568 886 rute
590 833 621 887 et
646 828 750 906 pipere
773 826 848 888 bibi·

95 918 158 972 tur.
184 910 270 973 bulbi
288 930 383 991 genus
396 920 443 975 est
461 913 555 995 scilla,
578 933 616 974 ex
629 934 689 994 quo
707 914 849 995 pusillum
875 927 981 991 euleu.

96 1001 206 1061 tritum
228 1018 298 1061 cum
321 1000 465 1081 oxymelle
484 1001 605 1064 bibitur.
633 1003 744 1065 melum
762 1007 847 1084 puni·
875 1016 981 1080 nepot.

97 1106 169 1149 cum
191 1096 294 1151 tneum
314 1089 470 1152 decoctum
488 1110 525 1153 ex
544 1090 642 1153 tribue
664 1092 793 1153 beminis
811 1093 848 1153 ud

59 1194 82 1233 u
95 1176 248 1239 heminam
274 1180 363 1239 tinias
391 1181 461 1241 eicit
491 1188 573 1260 potu.
615 1182 693 1242 acini
719 1180 847 1242 hederae
875 1192 963 1254 etat.

99 1264 183 1326 albae
217 1269 339 1329 contriti
370 1274 432 1329 tres
468 1286 504 1329 ex
531 1269 675 1350 oxymelle
706 1278 847 1350 prosunt:

94 1356 126 1413 in
159 1353 215 1415 hec
249 1357 403 1417 curatione
435 1360 573 1419 convenit
605 1367 637 1420 et
667 1361 765 1420 ventri
796 1378 848 1420 eos

95 1442 200 1503 eedem
223 1446 338 1506 ratione
361 1444 454 1509 inlini.

161 1626 258 1685 m.
280 1626 386 1685 Lieni.
466 1618 472 1625 ⁵

160 1742 248 1805 Lieni
271 1748 332 1807 sive
352 1746 448 1828 spleni
466 1747 546 1809 solea
564 1750 656 1829 piscis
674 1749 847 1828 imponitur.¹
873 1759 979 1821 tutet.

57 1847 80 1889 ιι
93 1832 174 1893 idom
188 1843 321 1913 praestet
334 1835 439 1896 eodem
452 1835 541 1897 modo
555 1836 689 1923 torpedo.
723 1833 847 1896 rombus
908 1839 946 1893 ib.

94 1940 165 1984 cum
180 1929 227 1984 est
246 1925 404 2004 impositus
425 1927 509 1987 vivus
527 1927 560 1987 in
572 1943 655 1986 mere
674 1925 845 1987 remittitur.

91 2030 169 2092 uque
182 2011 299 2074 bibitur
311 2015 342 2074 in
357 2014 526 2094 quuholeru
542 2014 666 2076 decocto
677 2017 737 2076 sint
747 2013 845 2075 addim
918 2016 934 2052 *

91 2100 162 2162 sale.
191 2104 258 2163 eius
277 2105 329 2182 qui
347 2103 468 2164 cottidie
490 2105 609 2166 ieiunus
627 2122 732 2165 ervum
750 2102 847 2164 ederit
873 2112 979 2177 tritt.

168 2297 182 2344 1
203 2289 305 2348 deinde
318 2292 357 2361 pb
377 2292 481 2360 (More.
491 2309 522 2361 p.
538 2295 614 2364 200):
634 2291 767 2346 dimidius
786 2290 813 2346 d.
863 2295 879 2344 3
894 2288 979 2344 debet
996 2291 1112 2360 tongere

90 2361 176 2432 y(b):
196 2362 299 2432 tanget
312 2364 338 2416 d.
359 2365 364 2431 1
388 2361 419 2416 in
433 2362 589 2433 oximellip
608 2362 714 2431 (melle
733 2363 795 2431 db):
814 2359 845 2414 in
857 2362 942 2415 'eceto
960 2359 1116 2443 mulso-Pl.

127 2429 274 2486 ebibitur
290 2433 342 2502 pb:
361 2449 411 2488 om.
431 2435 458 2488 d.
527 2439 542 2488 7
563 2433 639 2488 Bulli
656 2450 674 2503 p
692 2432 787 2502 (Bulbi
804 2441 836 2502 p·
860 2434 933 2500 rec).
958 2433 963 2499 Ι
987 2430 1113 2485 balbr-

91 2504 130 2572 (8)
150 2502 283 2558 oximelle
297 2520 347 2558 om.
367 2504 391 2559 b.
418 2507 422 2572 Ι
446 2521 503 2574 quo
520 2521 550 2574 p:
569 2521 626 2574 que
643 2506 670 2560 d.
726 2511 742 2558 8
762 2520 825 2559 cum
848 2501 980 2557 oximelle
997 2503 1053 2571 pd:
1077 2517 1112 2556 ex

91 2576 173 2629 aceto
192 2576 222 2628 et
238 2574 323 2630 melle
338 2575 385 2629 Pl.
434 2581 450 2630 9
470 2592 504 2631 ex
521 2574 750 2643 tribueheminie
764 2575 801 2629 ed
817 2573 962 2630 heminam
974 2573 1014 2642 pb
1028 2572 1112 2642 (Pl.):

90 2659 133 2698 ex.
153 2651 308 2700 mucimus
332 2646 392 2716 (sic)
411 2645 448 2700 ud
466 2645 589 2701 eminam
607 2648 634 2702 d.
708 2653 742 2700 10
764 2644 849 2700 tiniae
871 2660 901 2714 q:
928 2642 1021 2698 tineas
1038 2644 1109 2726 diui

90 2716 192 2783 potum
214 2731 240 2785 p.
326 2723 358 2771 11
384 2715 498 2772 contriti
518 2719 576 2772 tres
599 2733 634 2771 ex
656 2715 782 2771 oximelli
808 2716 858 2784 (-le
876 2715 903 2783 b)
921 2714 965 2784 pb
979 2715 1063 2783 (term
1080 2733 1111 2768 m

91 2787 173 2840 aceto
191 2785 284 2841 mulso
303 2787 373 2858 Pl.):
391 2787 453 2842 triti
470 2787 501 2842 in
564 2789 593 2842 et
610 2787 741 2843 oximelle
766 2787 817 2855 (eie
834 2785 990 2868 cumtalbo)
1009 2783 1041 2851 d,
1060 2785 1111 2840 ubi
1168 2828 1171 2832 Δ

90 2855 122 2909 in
139 2861 179 2911 eet
191 2872 248 2925 pro
265 2875 300 2911 111
316 2862 343 2912 et
360 2859 453 2913 album
470 2875 504 2913 ιω
522 2859 679 2914 coniectura
695 2858 839 2927 scriptorio
855 2857 980 2937 retectum
993 2858 1110 2938 propter

90 2926 163 2982 idern
180 2925 212 2981 in
230 2927 276 2996 (cf.
296 2928 388 2984 Marc.
403 2946 433 2998 p.
454 2934 507 2984 200
524 2930 582 2984 tres
601 2928 716 2984 contriti
732 2928 764 2984 in
781 2926 952 3007 oxymehtel.
1016 2930 1049 2979 12
1067 2943 1110 2980 m·
1162 2945 1171 2973 ι

90 2996 144 3051 lini
170 3011 201 3067 p:
233 2997 372 3054 illinirib
400 3002 440 3069 (et
466 2999 559 3055 ventri
588 2999 747 3055 illiniuntur
769 3016 817 3055 eoe
840 3014 863 3053 e.
887 3012 1000 3052 reelone
1027 2997 1066 3067 d).

91 3069 133 3124 tit.
151 3067 236 3125 Lieni
254 3071 284 3124 et
300 3069 392 3140 spleni
408 3087 440 3141 p,
467 3071 512 3128 Ad
530 3070 700 3141 spleneticos
717 3072 744 3126 d.
768 3071 827 3138 (boc
843 3069 927 3124 mam
945 3083 1005 3138 cup.
1024 3072 1112 3124 totum

92 3153 142 3194 otu.
165 3143 202 3210 r).
275 3146 310 3195 14
333 3141 415 3197 Lieni
437 3140 496 3198 sive
520 3142 612 3212 spleni
639 3142 682 3210 (ut
698 3142 731 3195 in
752 3141 812 3198 ind.
831 3141 884 3210 tit.)
902 3155 933 3209 9:
956 3155 1007 3195 om.
1030 3140 1058 3196 d.

94 3215 126 3265 15
143 3211 245 3281 pietd
264 3212 311 3280 (=
319 3214 429 3282 prestet
436 3216 473 3283 p).
497 3213 575 3268 Haec
592 3214 633 3268 sic
650 3212 729 3266 babet
746 3212 776 3267 b:
796 3209 907 3282 Splenie
925 3209 1017 3293 dolori
1034 3211 1112 3266 eolee

111 3280 177 3337 ieeie
196 3284 295 3338 contre
315 3282 429 3354 ligetur.
457 3284 620 3354 Torpedorr'u
644 3285 673 3338 et
695 3283 826 3352 bmcnm,
844 3281 869 3337 ei
888 3281 1001 3338 viudue
1018 3298 1112 3352 euper-

104 3351 111 3363 '
152 3354 200 3408 tur
221 3352 298 3410 bone
318 3354 461 3410 medicine
483 3357 539 3423 eet,
563 3354 613 3410 eed
635 3353 713 3424 priue
736 3370 824 3423 quem
846 3353 964 3410 solvitur
981 3352 1013 3408 in
1034 3369 1112 3407 mere

90 3423 255 3480 remittitur.
279 3425 562 3496 (efiMcrc.p.1tt).
587 3425 592 3496 l
616 3423 743 3494 torpedo.
761 3424 915 3481 rombued:
930 3422 1114 3504 torpedorum

91 3493 145 3551 bue
167 3512 186 3565 p
209 3495 255 3565 (cf.
278 3497 314 3566 b).
388 3503 421 3552 le
445 3513 509 3551 cum
533 3499 575 3551 eet
594 3497 642 3567 (ηε
671 3512 736 3550 cum
753 3513 787 3552 eo
808 3497 858 3566 pd.
931 3499 965 3549 1't
984 3495 1043 3548 unt
1059 3493 1112 3562 pb:

92 3567 159 3622 eunt
171 3566 199 3622 d.
247 3571 280 3622 18
295 3567 533 3638 erumpunt
552 3583 646 3622 uerum
664 3567 680 3621 b
699 3567 803 3636 (serum
821 3563 967 3636 cuprinum
980 3567 1027 3629 etc.
1042 3562 1114 3631 Mt).
