2517 3925
536 222 756 286 ..22-

272 396 376 463 tulba.
404 385 498 445 lorem
522 387 622 446 statim
646 385 758 446 sedant.
796 385 865 446 folia
891 387 1005 445 cicutae
1028 386 1099 447 trita
1122 392 1154 444 et
1240 446 1243 453 ,

403 476 444 535 ita
467 475 558 535 tronti
580 477 718 555 imposita
737 474 880 554 epiioram
899 480 929 534 et
951 482 1100 535 tumorem
1122 481 1154 534 et

404 563 537 625 dolorem
559 564 676 625 tollunt.
704 563 883 630 anacollcma
900 563 957 623 boc
976 562 1063 624 modo
1087 563 1155 623 lieri
1253 553 1254 600 t

290 665 376 729 aaut.
405 652 493 713 solet:
529 652 596 714 lana
623 671 682 713 non
716 659 819 713 curata
847 670 915 713 cum
942 652 1008 713 albo
1040 653 1088 713 ovi
1122 660 1155 712 et
1253 707 1254 718 ,

304 744 340 799 to.
404 742 481 803 turis
508 742 617 821 polline
646 742 738 803 tronti
764 742 937 821 applicatur.
979 742 1033 801 ovi.
1053 740 1183 801 album⁵

405 830 499 893 oculis
525 831 659 893 inlusum
685 831 815 911 epiloras
843 830 926 891 sedat
953 838 984 892 et
1011 831 1154 892 uredines

289 930 376 995 asna.
403 921 519 999 mitigat
546 928 576 982 et
603 921 860 1000 refrigerationem
887 927 1027 1000 praestat.
1072 920 1156 1005 lutea

404 1026 528 1070 ovorum
552 1028 588 1070 ex
610 1012 726 1071 rosacio
750 1017 780 1071 et
802 1009 899 1071 mulso
922 1011 954 1070 in
972 1008 1038 1070 lana
1061 1028 1154 1089 super

103 1176 106 1183 ι
226 1138 228 1143 ,
272 1108 376 1171 auito.
404 1097 507 1159 oculos
529 1100 733 1179 imponuntur.
770 1116 856 1160 caseo
875 1098 956 1160 molli
975 1100 1096 1177 caprino
1116 1118 1154 1159 ex
1254 1153 1255 1158 ,

405 1205 480 1266 aqua
511 1188 639 1261 ferventi
670 1190 808 1268 imposito
839 1188 968 1268 epilorae
1001 1187 1154 1249 sedantur.
1171 1200 1198 1241 10

271 1286 377 1349 auita
404 1276 492 1337 fimus
524 1279 664 1357 caprinus
697 1296 733 1337 ex
762 1277 848 1339 melle
882 1276 976 1338 oculis
1008 1277 1154 1339 inlinitur.
1254 1273 1255 1300 ³

303 1366 341 1419 ab.
404 1364 555 1444 vulpinam
576 1366 708 1445 linguam
721 1365 881 1428 habentem
894 1369 925 1427 in
940 1366 1053 1427 armilla
1064 1366 1152 1446 lippi·

404 1460 506 1515 turum
530 1462 646 1534 negant.

469 1726 579 1783 vmr.
596 1726 720 1785 ‘Oculis
742 1726 883 1785 suffusis
905 1726 1080 1797 sauguine.

271 1891 376 1954 tulna.
472 1880 598 1962 Sanguis
616 1882 776 1943 instillatur
794 1881 947 1943 columbae
961 1882 1008 1943 vel
1020 1882 1154 1964 palumbi

276 2025 280 2033 ,
303 1972 339 2028 ab.
404 1969 450 2030 vel
471 1971 602 2050 perdicis
625 1971 671 2031 vel
699 1975 834 2033 turturis
876 1975 1080 2053 superimponi
1103 1973 1154 2034 de·
1169 1985 1196 2026 1⁵

405 2057 455 2118 bet
493 2059 641 2138 splenium
677 2080 714 2121 ex
750 2061 836 2122 melle
875 2069 994 2123 coctum
1025 2062 1152 2142 lanaque

271 2157 376 2221 touta.
405 2148 506 2226 sucida
525 2167 560 2208 ex
580 2149 646 2230 oleo
665 2156 715 2210 aut
734 2151 810 2211 vino.
848 2150 932 2212 radix
954 2158 1040 2213 rutae
1068 2151 1153 2213 inlita

258 2229 318 2296 (Μ
333 2229 376 2298 br)
405 2236 550 2298 emendat.

120 2506 123 2511 ¹
208 2524 223 2572 1
242 2514 309 2587 tn'tg
327 2513 370 2570 ita
386 2531 413 2584 9.
463 2522 479 2569 2
497 2515 540 2571 ita
557 2531 608 2570 om.
626 2517 694 2582 rb!
715 2515 865 2588 epiphoras
879 2519 909 2572 et
923 2517 1046 2573 dolorem
1061 2519 1093 2573 et
1106 2520 1153 2573 tu-

29 2625 31 2628 <
134 2595 243 2645 morsm
261 2581 306 2640 rb.
365 2586 571 2643 aenaoollima
588 2589 638 2657 gd.
702 2594 794 2643 tucn
812 2591 910 2643 curata
927 2605 958 2659 g:
985 2588 1154 2645 incuratad

133 2661 167 2730 (i.
186 2677 207 2716 e.
226 2656 354 2715 redimis
370 2674 428 2713 non
442 2662 539 2714 curata
554 2660 619 2727 Pb),
643 2659 799 2715 carminata
810 2661 861 2727 rb,
880 2659 1023 2730 carpicata
1034 2662 1096 2729 (sic)
1106 2661 1153 2716 br.

171 2739 187 2787 c
207 2731 288 2787 sedat
304 2729 357 2784 db:
377 2731 458 2785 curat
475 2731 516 2785 bt*
535 2732 579 2799 (r).
604 2732 609 2799 Ι
634 2730 758 2786 uridines
775 2748 801 2801 9.
849 2737 864 2785 7
888 2730 1102 2801 refrigeratione
1120 2749 1153 2802 9:

135 2821 197 2860 -ues
215 2804 283 2858 drb.
308 2801 312 2868 1
337 2806 401 2870 post
419 2803 545 2872 praestat
567 2820 637 2872 quoe
653 2819 705 2872 seq.
724 2803 757 2857 iu
779 2803 796 2857 b
822 2801 871 2871 (Ut
894 2804 989 2857 autem
1008 2801 1154 2858 cicatrices

134 2875 171 2933 de
189 2874 276 2930 ocutis
294 2872 379 2927 tollas
401 2878 448 2928 etc.
473 2875 571 2929 addita
593 2879 659 2929 suut
677 2890 711 2928 ac
728 2891 752 2941 r,
770 2878 802 2928 ut
820 2878 845 2928 et
863 2877 946 2929 autea
963 2875 1098 2943 quaedam
1115 2876 1152 2930 ab

135 2947 217 3000 tuitio
236 2943 354 3016 captasti
374 2949 401 2999 ct
415 2950 478 3013 pont
492 2944 556 3014 epil.
572 2946 765 3016 suspendunt).
807 2949 824 2998 8
843 2961 890 2999 ex:
910 2961 973 2999 cum
986 2946 1023 3000 rb
1037 2945 1115 3015 (Pl).

134 3023 169 3071 ‘10
189 3018 219 3070 ot
235 3013 356 3072 ferventi
371 3031 445 3086 aqua
458 3017 603 3086 supposito
617 3018 654 3071 rb
669 3015 812 3086 (imposito
831 3017 893 3086 br).
927 3022 959 3070 11
975 3033 1009 3071 ex
1017 3017 1060 3085 gd
1069 3016 1152 3086 (Pl.):

135 3103 201 3141 cum
213 3089 258 3142 rb.
305 3089 338 3137 12
353 3084 489 3156 lipturam
499 3088 559 3158 (cte)
569 3104 594 3156 p.
638 3089 680 3142 tit.
694 3086 739 3141 Ad
748 3087 844 3143 oeulos
854 3086 974 3142 suffusos
983 3085 1152 3156 sanguinari.

173 3164 207 3212 14
227 3152 345 3227 Sanguis
367 3158 522 3212 instillatus
540 3158 667 3215 columbe
696 3158 837 3226 (columbe
854 3158 920 3214 inst.
938 3159 969 3226 d,
997 3157 1152 3213 distillatus

136 3229 283 3284 columbae
302 3228 363 3298 tm).
386 3227 433 3284 vel
450 3228 578 3299 palumbi
599 3248 625 3284 v.
639 3249 667 3301 p.
681 3247 708 3284 v.
726 3231 748 3286 t
766 3247 788 3285 s.
807 3229 891 3285 debet
913 3230 999 3298 pdbt'
1018 3230 1110 3298 (alito
1122 3247 1152 3284 r:

137 3298 257 3371 Sanguis
272 3298 446 3357 columbinus
464 3299 626 3356 instillatur.
658 3300 783 3356 Perdieis
795 3316 862 3356 vero
877 3301 907 3354 et
923 3301 1041 3356 turturis
1055 3318 1152 3371 super·

134 3370 243 3442 imponi
261 3371 353 3429 debet
383 3371 463 3426 Lana
480 3371 640 3427 succidaex
658 3371 720 3427 oleo
739 3374 770 3427 et
786 3371 860 3427 vino.
887 3371 934 3426 rel.
949 3387 1009 3441 nm„
1028 3373 1102 3427 ande
1115 3373 1152 3442 b).

138 3442 142 3513 1
158 3441 326 3500 instillatur:
349 3444 407 3498 ·tus
421 3443 462 3512 gd
482 3443 542 3514 (qui
550 3447 576 3497 et
588 3444 646 3513 ipsi
654 3443 881 3512 praecedentsbus
892 3443 963 3498 male
980 3444 1153 3513 marmori

135 3514 344 3585 superimponi
362 3514 465 3581 debet).
516 3519 549 3566 lo
569 3512 698 3582 Splen...
709 3516 805 3569 coetus
821 3514 870 3584 qd.
917 3519 949 3568 17
969 3517 1020 3569 aut
1036 3531 1066 3583 p:
1086 3517 1116 3570 et
1133 3515 1153 3570 d

136 3585 180 3651 (aa
199 3585 266 3656 Pl).
290 3589 295 3655 Ι
325 3587 353 3642 et
375 3584 454 3639 radix
472 3601 497 3654 p.
522 3585 526 3652 Ι
554 3583 655 3651 inlitae
675 3602 701 3654 g.
