2517 3925
526 237 569 246 -
615 200 796 305 eoo-¹

246 374 276 426 et
305 373 405 426 menta
432 366 503 425 trita
536 372 566 425 et
598 366 629 425 iu
660 366 781 444 potione
809 364 953 444 perducta
978 366 1160 444 sanguinem

186 452 195 466 '
236 452 440 515 reicientibus
471 462 607 533 prosunt.
649 452 748 513 oleum
779 456 811 514 in
843 471 903 532 quo
935 454 1058 514 decocta
1086 464 1160 515 suut

245 543 379 604 inlusum
401 544 491 622 capiti
513 540 642 604 caducos
665 550 696 603 et
717 540 897 621 lemugtcos
920 544 1037 603 excitat.
1074 542 1159 604 ulce·
1249 573 1252 670 p

245 632 329 693 ribus
352 633 517 693 canceratis
535 638 566 691 et
584 632 699 693 caninis
718 630 868 693 morsibus
885 633 957 692 trito
973 648 1045 691 cum
1066 630 1158 692 melle

246 720 435 783 subveuiimt.
472 719 591 780 dolores
609 722 751 781 iocineris
768 738 803 780 ac
821 715 940 781 'renium
959 719 1188 781 decoctorum⁵

245 811 277 869 in
300 826 375 887 aqua
398 816 488 888 potus
511 810 671 890 extinguit,
694 808 824 869 admixto
842 808 958 869 modico
980 826 1069 889 passo
1094 827 1156 887 qno

216 934 218 941 ·
246 897 322 958 solet
340 898 469 976 potionis
489 896 636 958 eiusmodi
653 897 818 958 amaritudo
836 896 934 958 leniri.
966 915 1036 958 eum
1054 901 1156 958 resina

138 982 151 1028 ’Δ
246 984 446 1049 terebinthina
464 1004 520 1065 pro
540 994 675 1047 enemate
693 987 762 1047 data
781 986 910 1047 calculos
929 986 1085 1068 frangunt,
1103 982 1156 1046 ob·

246 1076 383 1136 strictum
398 1074 530 1135 canalem
539 1076 655 1135 vesicae
666 1074 829 1136 laborantis
841 1077 978 1155 pervium
992 1083 1155 1155 praestant.
1250 1147 1252 1150 ¹

245 1166 322 1225 tussi
345 1170 375 1225 et
402 1162 467 1223 colo
494 1171 622 1243 prosunt
645 1182 714 1225 crim
742 1164 891 1225 elelislaco
913 1182 948 1225 ac
970 1162 1058 1247 melle
1081 1174 1199 1225 con1⁰

244 1254 315 1314 trita
338 1261 369 1313 et
390 1254 425 1315 iu
446 1251 595 1313 abellanae
619 1256 705 1313 nucis
728 1252 930 1332 magnitudine
954 1261 1080 1331 sumpta.

312 1340 360 1401 Fit
393 1340 644 1403 medicamentum
671 1360 707 1403 ex
738 1344 846 1401 amaris
873 1340 1046 1422 amygdalis,
1074 1342 1159 1420 qnod

245 1428 434 1491 Dioscorides
458 1429 505 1489 dia
524 1428 697 1509 amygdalon
718 1432 824 1509 pieron
842 1430 982 1511 appellat,
1005 1428 1102 1509 spleni
1124 1438 1159 1492 et
1250 1477 1252 1508 ,

245 1520 371 1578 iocineri
388 1520 732 1597 maximeqneaurugini
749 1522 965 1599 necessarium,
984 1517 1064 1598 quod
1084 1537 1156 1579 cou-
1250 1541 1252 1640 p

245 1606 345 1667 licitur
372 1607 424 1667 sic.
457 1606 677 1685 amygdalornm
704 1640 748 1650 -
769 1622 811 1690 11,
844 1610 999 1686 gentianae
1021 1641 1066 1669 .-
1089 1617 1198 1689 1111,1⁵

196 1704 197 1714 ¹
246 1696 329 1755 anesi
358 1728 401 1737 -
424 1710 465 1777 11,
496 1693 638 1757 absinthii
668 1698 781 1776 pontici
808 1730 852 1739 —
875 1711 902 1777 1,
934 1698 1033 1757 omnia
1065 1696 1158 1757 simul

246 1791 334 1845 tunsa
352 1782 535 1865 cribrantur,
560 1802 595 1845 ex
615 1802 651 1844 eo
673 1784 796 1864 pulvere
819 1786 999 1846 coclearium
1018 1804 1056 1845 ex
1078 1804 1156 1864 aqna

246 1872 341 1934 datur.
383 1872 508 1935 mulsam
536 1875 664 1933 miscent
696 1876 748 1952 qui
779 1875 900 1934 nimiam
927 1873 1158 1935 amaritudinem

245 1963 346 2023 vitant.
374 1963 534 2024 vehemens
552 1962 609 2022 boc
628 1981 695 2024 esse
715 1965 804 2023 etiam
823 1962 995 2024 domesticis
1014 1966 1045 2023 in
1060 1981 1155 2023 uxore

173 2079 211 2136 Β,
249 2057 364 2110 servata
388 2053 599 2131 experimentis
622 2051 753 2131 probavi.
1170 2060 1199 2099 2⁰

150 2157 238 2221 1,176.
316 2137 434 2200 Gummi
461 2140 542 2220 quod
570 2139 715 2220 amygdali
741 2139 830 2200 arbor
857 2141 995 2222 exsudat,
1028 2142 1158 2201 mixtum
1250 2115 1252 2185 l

211 2352 225 2400 1
246 2343 315 2402 triba
331 2347 381 2400 rb:
400 2345 485 2400 bilae
503 2362 556 2416 po,
579 2347 631 2402 hee
650 2346 718 2402 tn'te
733 2348 775 2402 ld.
800 2349 805 2416 Ι
828 2348 945 2418 potione
962 2348 1054 2416 pald:
1078 2362 1159 2402 -uem

138 2417 184 2472 rb.
206 2415 210 2484 Ι
235 2416 371 2486 perducta
394 2417 493 2486 rb(9):
521 2418 657 2491 perdocte
678 2434 708 2487 o,
731 2418 865 2488 perdocte
882 2420 925 2474 ld.
990 2423 1006 2472 b
1024 2417 1158 2473 iocineris

137 2488 229 2557 pald:
243 2485 427 2544 iecinorisrb.
445 2491 449 2553 Ι
464 2486 573 2542 renium
581 2503 634 2557 po:
647 2490 861 2559 renumld(rb).
878 2491 883 2558 Ι
898 2490 1078 2544 decoctorum
1087 2489 1157 2559 pol:
1250 2534 1251 2543 ,

69 2594 73 2600 ·
140 2560 283 2615 coctorum
301 2557 349 2627 rb,
369 2574 419 2616 om.
439 2558 466 2613 d.
531 2565 650 2628 bpassa
667 2559 728 2629 (sic)
747 2576 771 2614 o.
788 2562 792 2628 Ι
808 2559 1003 2630 quo—leniri
1021 2575 1071 2615 om.
1091 2561 1118 2614 d.

138 2637 155 2684 8
173 2627 345 2686 terebintiua
361 2631 437 2698 poci,
455 2629 653 2685 therebentiua
670 2631 680 2684 l
698 2629 928 2701 (therebynbhina
945 2632 979 2698 r).
996 2633 1000 2697 Ι
1020 2647 1072 2700 pro
1091 2647 1158 2685 ene·
1250 2654 1252 2663 r

137 2704 215 2757 mate
232 2717 263 2770 9:
286 2716 337 2770 pro
355 2703 467 2756 nemete
485 2703 530 2771 ol,-
553 2703 719 2771 pronemata
736 2703 775 2756 dr
794 2703 968 2772 (prooemata
986 2703 1022 2770 b).
1053 2703 1102 2757 sed
1120 2703 1159 2768 cf.

119 2831 121 2834 ,
140 2773 184 2827 Pi.
205 2789 239 2828 ex
258 2770 407 2842 ecligmate
422 2767 616 2842 (ἐκλειχόμενα
634 2773 691 2843 D.).
759 2778 776 2827 9
793 2774 952 2843 praestanto
970 2771 1094 2828 reddunt
1113 2774 1155 2828 td.

175 2850 209 2898 10
229 2842 311 2897 cholo
323 2859 354 2912 p,
372 2843 452 2898 tholo
466 2859 491 2897 o.
508 2847 513 2912 Ι
528 2844 627 2898 helelis
641 2842 717 2898 fasco
730 2860 781 2913 po,
800 2842 910 2899 berella.
933 2843 1010 2898 saeco
1025 2844 1059 2899 ld
1074 2843 1156 2912 (heli-

136 2913 229 2970 liffate
247 2915 322 2981 rbr,
341 2914 485 2969 helilisace
505 2916 540 2984 b).
597 2921 629 2969 11
649 2914 796 2969 abellanae
813 2931 852 2984 po
871 2915 918 2982 (cf.
937 2931 958 2970 c.
977 2916 1053 2984 seq.):
1077 2915 1156 2970 arel-

138 2986 203 3040 lana
231 2985 265 3039 ld
279 2986 355 3055 (rb).
381 2989 385 3055 Ι
410 2986 440 3039 in
463 3001 506 3040 av.
530 2985 614 3040 modo
638 2988 751 3055 sumpta
773 2985 801 3040 d.
869 2991 983 3039 12-20
1006 3001 1057 3040 om.
1076 2987 1103 3042 d.

140 3063 173 3110 13
192 3055 370 3125 dyoscorides
388 3054 589 3126 dyamigdalon
606 3056 707 3127 pigron
726 3052 743 3110 lss
765 3058 769 3125 Ι
794 3056 843 3110 dia
859 3056 1031 3126 amygdalon
1048 3072 1080 3125 p:
1103 3056 1157 3126 dy-

138 3127 301 3196 amigdalon
319 3143 343 3181 o.
360 3132 365 3196 ι
380 3127 477 3196 pieron
495 3129 545 3196 (etc
561 3129 612 3198 po)
630 3143 680 3184 om.
700 3128 744 3182 rb.
810 3133 845 3182 14
861 3127 978 3182 iocineri
995 3129 1062 3196 pol:
1086 3127 1157 3182 ieci-

138 3197 201 3254 nori
217 3199 287 3267 rb!
313 3198 434 3268 ani-igini
451 3215 476 3254 o.
548 3203 580 3252 15
605 3197 710 3268 Accipe
729 3213 784 3252 am.
803 3197 900 3253 uncias
919 3198 989 3253 duaa
1006 3203 1054 3253 cto.
1073 3199 1119 3253 rb.
1250 3252 1252 3259 ,

139 3275 173 3324 16
197 3267 284 3323 anesii
307 3269 318 3323 l
345 3268 431 3337 (anisi
449 3270 508 3338 rb).
535 3272 539 3334 Ι
570 3269 691 3324 absentii
712 3270 817 3339 po(r).
848 3271 852 3336 Ι
885 3286 958 3339 quac
985 3269 1080 3324 omnio
1107 3271 1160 3326 rb.

139 3342 174 3409 cf.
203 3355 297 3409 supra
403 3345 436 3395 17
466 3342 495 3395 et
522 3357 556 3394 ex
584 3357 617 3395 eo
647 3341 684 3394 rb
699 3341 749 3410 (l).
784 3342 788 3409 Ι
822 3339 1069 3410 cocli(eol)arium
1100 3343 1160 3409 pol

140 3411 280 3480 (cochlear
299 3411 329 3478 b,
348 3410 508 3480 cocleare).
579 3418 612 3466 19
631 3411 701 3466 Vela
719 3427 832 3479 nanque
850 3411 878 3465 h.
896 3411 942 3466 rb.
968 3414 972 3478 Ι
998 3411 1160 3466 domestico

141 3482 205 3537 sinu
218 3482 368 3538 servatum.
388 3497 450 3551 exp.
466 3482 483 3536 l.
500 3481 505 3552 Ι
520 3481 550 3535 iu
563 3497 662 3536 uxore:
680 3482 798 3536 innxiuo
813 3482 873 3551 (aie)
886 3499 911 3538 o.
962 3488 995 3536 al
1010 3482 1161 3552 amygdali

141 3553 236 3608 arbor:
256 3551 399 3621 amigdala
417 3550 500 3606 arbor
517 3567 546 3622 o,
565 3552 746 3622 amygdalum
764 3553 805 3607 ld.
