2517 3925
498 134 732 197 „24-

248 308 353 371 aaran
383 315 500 377 cypero.
546 297 692 366 dracontii
720 316 821 357 semen
850 316 918 358 cum
946 297 1034 358 melle
1066 301 1132 377 pari

381 386 514 466 pondere
547 385 670 447 naribus
706 386 827 447 inditur.
886 386 943 447 hoc
980 389 1070 465 etiam
1106 390 1133 447 si
1194 450 1199 457 ,

267 487 354 551 30‚a1.
384 476 581 536 carcinomata
605 478 665 535 sint
684 475 829 554 emendat.
859 475 971 536 dicitur
988 476 1133 555 prodesse

384 566 436 642 qui
459 564 515 624 hoc
539 564 614 625 malo
639 564 793 624 vexabitur
813 573 845 625 ut
868 564 1020 626 osculetur
1043 583 1133 625 umes

385 652 540 714 mularum.

450 818 509 875 XI.
532 818 771 885 Destilletioni.

1147 664 1161 705 ⁵
1253 580 1255 694 l

148 939 249 1011 (anat)
268 953 319 993 ora.
332 955 356 995 r.
452 937 533 999 Ciuis
557 946 702 1000 testarum
726 947 894 999 ostrearum
916 940 947 997 in
966 937 1033 998 cibo
1056 956 1132 1017 pane
1224 942 1229 949 '

269 1036 356 1098 nona
385 1026 534 1106 colligitur
566 1030 597 1087 in
625 1028 747 1088 modum
779 1028 855 1088 salis.
898 1028 981 1107 porri
1013 1029 1134 1106 capitati

183 1124 197 1153 *
215 1140 265 1179 orn.
280 1142 303 1179 r.
385 1116 454 1177 lolia
486 1117 578 1177 cruda
609 1120 674 1177 sine
706 1135 781 1196 pane
815 1117 952 1177 eduntur.
994 1118 1133 1176 caninum

139 1196 245 1264 (Mart
260 1212 291 1265 Ρ·
311 1196 356 1265 87)
387 1207 548 1284 corrigium
567 1216 729 1284 numquam
747 1213 871 1266 unctum
895 1203 1017 1265 cuilibet
1040 1205 1132 1282 digito

269 1311 356 1374 anot.
384 1297 415 1354 in
444 1312 534 1355 manu
562 1294 792 1373 circumligatur.
834 1302 951 1354 ostreae
983 1311 1051 1355 cum
1079 1312 1134 1354 sua

384 1392 462 1445 testa
484 1385 526 1444 ita
550 1390 583 1444 ut
607 1383 718 1444 electae
742 1390 812 1443 sunt
834 1384 866 1442 in
886 1381 1064 1442 carbonibus
1084 1400 1133 1443 co·

116 1453 122 1465 ⁴
142 1479 273 1548 *(Marc.
289 1479 307 1534 l.
322 1480 356 1546 c.)
386 1479 520 1553 quantur
540 1474 621 1532 etin
641 1471 707 1532 cibo
729 1472 845 1531 dantur.
883 1471 988 1538 oleum,
1006 1471 1135 1532 calidum

385 1563 468 1623 eunti
509 1561 670 1622 dormitum
706 1564 737 1621 in
771 1559 927 1621 cerebrum
966 1561 1135 1621 infunditur

278 1664 356 1728 ante
385 1658 415 1711 et
438 1652 470 1711 in
493 1667 581 1711 nares
601 1653 735 1711 coicitur.
772 1651 804 1710 in
822 1668 911 1710 manu
930 1649 1051 1710 dextera
1074 1650 1135 1709 duo

261 1737 357 1805 (omn)
386 1740 470 1819 digiti
497 1739 587 1799 medii
613 1738 674 1800 lino
703 1738 811 1817 alligati
838 1740 917 1799 inter
945 1757 976 1799 se
1005 1738 1134 1799 destilla-

385 1830 497 1890 tionem
522 1837 724 1907 compescunt.

452 2011 530 2068 XII.
554 2006 629 2067 ons
652 2011 754 2066 vitiis.
869 2060 876 2070 .

269 2143 358 2207 aona.
455 2129 523 2191 Oris
538 2148 675 2208 saporem
689 2130 890 2191 commendari
909 2130 1056 2191 affirmant
1069 2149 1134 2190 mu-

384 2222 451 2280 rino
476 2222 575 2280 cinere
600 2237 670 2279 cum
693 2219 778 2279 melle
802 2221 828 2279 si
851 2219 996 2279 fricentur
1020 2219 1134 2281 dentes.

170 2312 207 2370 cb.
273 2319 359 2383 tato.
388 2308 552 2369 admiscent
589 2308 708 2386 quidam
744 2310 849 2368 marati
884 2307 1008 2369 radices
1053 2307 1134 2368 Nero

190 2503 205 2552 1
225 2495 370 2552 dracontei
388 2512 418 2566 9,
442 2497 633 2566 dragonteecl
656 2498 795 2562 (conteae
813 2515 838 2563 r,
862 2497 975 2566 Marc).
1048 2504 1066 2550 4
1084 2497 1134 2566 qui

116 2571 191 2638 yde:
210 2567 237 2623 ai
255 2567 347 2636 quib.
373 2570 378 2637 Ι
401 2567 431 2621 in
450 2567 504 2622 hoe
522 2569 548 2622 d.
612 2568 795 2634 tmulerum.
823 2567 892 2622 alibi
905 2567 1053 2622 muliorum
1072 2569 1133 2638 (sic)

118 2640 236 2709 dgnusc'
253 2655 287 2694 eac
304 2639 386 2694 naria
405 2639 516 2694 lectione
534 2639 676 2708 adscripta
694 2640 728 2706 cf.
749 2640 842 2693 Marc.
856 2657 887 2709 p.
907 2646 953 2695 86:
982 2637 1034 2693 Cui
1051 2655 1132 2694 nares

116 2709 264 2765 foetebant
284 2709 484 2766 remediabitur
507 2709 531 2764 si
549 2726 629 2764 nares
649 2708 719 2764 muli
742 2711 890 2766 osculetur.
923 2709 1053 2765 similiter
1069 2727 1133 2780 pro-

118 2781 192 2837 derit
214 2781 326 2836 mulieri
351 2780 375 2836 si
401 2797 482 2835 nares
512 2780 604 2836 mulae
633 2781 785 2837 basiaverit
812 2783 903 2850 (neres
926 2781 1047 2836 mulinas
1073 2782 1134 2837 nne
1215 2821 1225 2834 .

118 2854 276 2909 noeumane
295 2853 393 2922 Pleu).
447 2854 488 2906 tit.
507 2850 549 2905 De
568 2852 752 2908 distillatione
770 2870 800 2925 9,
819 2853 864 2907 Ad
882 2851 1096 2908 distillationem
1105 2854 1133 2920 d,

119 2924 163 2979 nd
192 2923 377 2980 stillationem
401 2923 510 2978 narium
533 2940 567 2978 ex
589 2925 708 2979 humore
726 2942 749 2982 r.
822 2926 1013 2981 eostreorum
1034 2940 1060 2995 9.

119 3000 136 3049 8
155 2994 257 3049 caninir
276 2995 548 3066 corrigit...unotr'1
565 3012 595 3064 9:
620 2994 722 3050 canina
744 2995 1012 3078 corriffl‘e...nncta
1029 2995 1077 3050 db.
1097 2995 1132 3062 cf.

119 3066 213 3122 Marc·
233 3065 352 3136 corrigio
376 3067 474 3122 canino
497 3065 562 3121 rudi
578 3083 631 3121 nec
653 3083 776 3136 unquam
799 3068 893 3122 vrncto
917 3066 1038 3136 quilibet
1060 3065 1133 3136 digi-

117 3136 331 3207 tus...ligatua
360 3138 403 3207 (de
421 3155 481 3194 conc.
505 3138 626 3208 ammeio
649 3138 684 3205 οἱ.
705 3139 781 3194 Pan.
801 3140 900 3208 toto.)
974 3144 1005 3191 11
1026 3137 1135 3192 eiectae

117 3208 188 3261 rom.
215 3211 222 3292 l
249 3208 305 3263 siut
326 3224 352 3279 9.
427 3216 461 3264 14
485 3209 620 3264 conicitur
643 3211 663 3264 d
688 3210 734 3279 (b).
815 3211 857 3264 tit.
876 3209 918 3263 De
938 3209 993 3264 oris
1010 3206 1088 3264 vitiis
1105 3225 1132 3277 9,

117 3279 163 3332 Ad
183 3296 237 3334 oms
256 3279 361 3334 vicium
378 3280 405 3334 d.
480 3280 676 3336 nomentan
698 3280 758 3336 drb
782 3281 886 3350 (Mare.
906 3283 964 3350 88):
993 3283 1133 3335 commen·

118 3349 180 3405 deri
197 3367 215 3420 9
234 3351 311 3420 (Pa).
369 3358 401 3406 19
420 3349 521 3407 merati
534 3352 571 3405 rb
589 3353 636 3421 (cf.
657 3352 712 3421 Pa,
730 3351 845 3407 meretri
862 3351 957 3406 Torta.
976 3352 1133 3420 inmergi:

118 3421 216 3477 mariti
233 3439 263 3492 9,
292 3421 426 3479 tamarica
444 3421 539 3478 man'ti
567 3424 626 3492 (sa'c)
651 3425 677 3478 d.
703 3427 708 3489 Ι
732 3423 848 3492 Herod)
867 3423 961 3494 gdrb:
988 3438 1066 3477 mero
1087 3422 1133 3478 Pl.

121 3493 204 3563 (quod
221 3495 290 3566 quin
308 3496 470 3552 restituatur
486 3495 599 3562 impedit
616 3494 739 3564 frigida).
756 3545 758 3547 .
803 3513 807 3523 ’
883 3505 885 3507 ’

1148 1306 1251 1346 10·

1149 1749 1177 1791 15
