2517 3925
560 219 803 283 —162-

283 383 439 445 dedorunt.
467 379 643 475 oonluondis
657 379 798 456 (lontibus
815 381 988 460 frequentor
1001 378 1178 458 adsumptum
1240 369 1241 414 ἶ

283 475 415 552 integros
438 489 490 532 eos
513 488 631 531 servaro
654 471 864 548 praesumitur.
901 467 1086 530 tardantibus
1107 485 1178 527 mon·

283 563 375 623 struis
403 561 581 620 laminarum
604 576 665 619 uon
692 556 797 619 inutile
821 566 867 619 ost
889 556 936 618 vol
962 560 1041 637 ipsas
1068 558 1100 617 in
1120 555 1179 616 oibo

283 651 392 711 offerre
419 648 466 708 vel
489 665 595 709 sucum
627 665 665 707 ex
691 648 753 707 vini
784 650 903 726 potione
931 648 1067 707 miscere.
1110 646 1181 707 idon

283 756 374 799 sucus
406 744 436 798 at
463 744 553 816 oaput
584 739 695 815 optime
726 743 834 815 purgat
867 738 893 796 si
924 736 1012 795 modo
1043 736 1202 813 patientera
1240 815 1241 820 ἵ

280 826 405 887 naribus
427 826 520 886 luerit
546 832 705 906 attractus,
735 832 765 884 et
788 842 863 910 cuni
880 824 964 903 adipe
992 822 1115 903 gallinae
1136 824 1181 883 tri·

283 923 367 976 iuras
380 913 491 995 pedum
505 915 619 993 mitigat
638 932 711 992 quas
726 912 917 974 calciamenta
931 914 1077 974 lecerunt.
1108 911 1183 972 lluxu

283 1005 396 1065 ventris
409 1002 613 1064 laborantibus
626 1003 741 1082 proluit
754 1009 854 1062 coctas
868 1003 963 1062 oasin
978 1000 1045 1062 cibo
1060 1007 1183 1079 sumptas

283 1092 349 1153 oleo
371 1094 456 1173 prius
483 1094 635 1172 tinguere,
664 1090 779 1152 scilicet
806 1089 842 1150 ad
869 1090 1048 1170 mitigandos
1074 1106 1184 1149 morsus

283 1199 359 1261 quos
381 1183 413 1242 in
436 1180 582 1241 eiusmodi
605 1183 703 1241 causis
726 1197 849 1240 necesse
877 1182 936 1241 erit
958 1181 1097 1258 experiri,
1132 1176 1183 1237 alo
1195 1186 1212 1227 1⁰

283 1272 383 1350 pecias
405 1272 503 1331 tunsis
527 1271 608 1348 cepis
635 1269 775 1329 infricata
803 1270 882 1329 inter
909 1268 1041 1329 efficacia
1063 1265 1186 1328 remedia
1241 1239 1242 1320 l

203 1357 266 1411 Gal·
287 1366 473 1438 compertum
491 1366 545 1418 est.
583 1356 713 1418 Galenus
731 1356 865 1418 adfirmat
883 1359 972 1419 citius
990 1374 1029 1417 ox
1047 1356 1095 1417 his
1112 1355 1186 1416 nasu
1241 1367 1242 1442 j

174 1428 408 1559 (ffl'lissloapillos
432 1463 521 1525 quam
543 1448 570 1507 si
592 1446 726 1525 alcyonio
749 1448 818 1524 quis
840 1453 951 1507 utatur.

178 1606 223 1673 (cf.
240 1600 287 1661 Pr.
353 1592 512 1649 XXVIII.
544 1595 593 1649 De
615 1595 753 1650 anetho.

178 1678 276 1746 ²⁰2⁷4l·
351 1692 466 1755 Anatho
494 1696 550 1755 atsi
577 1693 672 1754 ualida
699 1696 743 1755 ris
770 1693 911 1777 traditur,
939 1712 998 1755 non
1027 1702 1186 1756 esttamen
1241 1727 1242 1766 t

284 1782 446 1863 plurimum
465 1784 583 1843 fervens
603 1801 659 1843 neo
678 1791 809 1867 austara,
833 1800 937 1845 verum
954 1782 1047 1845 habet
1069 1782 1214 1863 aliquamll

348 1979 434 2035 Ceae
475 1979 543 2035 oul's
587 1979 630 2035 u‘d
717 1997 730 2034 t·
868 1981 875 1994 ‘
1178 2006 1187 2020 ·

210 1998 265 2066 (5⁷)
284 1995 488 2138 liginesptollil‚
511 1995 619 2140 slumbtb
632 1997 721 2121 llil
732 1973 1187 2142 {seminaleodsaiwoglffiesnesfflos

283 2156 399 2223 propter
420 2147 538 2205 calorem
561 2157 589 2205 et
611 2151 801 2222 acrimoniam,
822 2151 886 2224 quia
906 2165 957 2207 neo
978 2158 1132 2223 egeruntur
1139 2163 1188 2204 uec

284 2234 411 2289 nutriunt
431 2249 545 2307 corpus:
572 2232 607 2290 ob
630 2234 685 2290 hoo
710 2233 829 2292 inutiles.
866 2250 928 2291 nam
951 2242 979 2292 et
1006 2234 1188 2292 calefacientes

286 2317 389 2374 siccant
415 2333 526 2390 corpus.
570 2335 636 2392 cepa
663 2319 728 2375 trita
755 2334 817 2375 oum
844 2325 922 2376 aceto
950 2326 979 2375 et
1004 2319 1065 2376 sale
1093 2317 1219 2376 morsoiu

285 2401 382 2458 canino
409 2402 549 2458 convenit:
587 2405 690 2459 recenti
716 2404 867 2477 inponitur.
919 2412 997 2461 cocta
1025 2421 1089 2462 oum
1115 2401 1190 2459 melle

285 2486 349 2542 trita
377 2484 528 2542 veterrimis
556 2485 713 2542 vulneribus
749 2484 773 2561 (a
801 2504 895 2546 morsu
923 2490 1021 2545 canno
1050 2485 1139 2560 laetis)
1166 2493 1190 2542 et

284 2570 434 2627 bestiarum
456 2572 576 2628 omnium
598 2571 688 2646 plagis
711 2573 850 2629 convenit.
880 2589 963 2629 sucus
986 2574 1046 2629 eius
1068 2589 1130 2630 cum
1150 2587 1191 2627 ro·

285 2671 365 2712 sacoo
388 2654 492 2711 aurium
513 2655 675 2712 surditatem
703 2655 794 2714 solvit.
838 2673 921 2714 sucus
949 2658 1009 2714 eius
1036 2675 1099 2715 oum
1125 2656 1191 2713 lacte

284 2739 406 2796 mulieris
421 2741 525 2798 aurium
541 2740 665 2798 dolorem
687 2734 771 2799 tollit.
808 2740 930 2818 alopiciis
951 2742 1056 2800 lrioatis
1079 2742 1113 2799 de
1128 2747 1221 2814 sepau

284 2824 397 2899 capillos
420 2826 554 2884 nutriunt.

250 3015 264 3062 1
290 3009 514 3093 oon(io)luendis
536 3025 587 3080 oo:
616 3009 770 3093 colluenilis
789 3010 885 3081 l(rb).
910 3014 914 3078 Ι
939 3012 1115 3081 assumptum
1136 3009 1191 3079 (ad-

178 3223 661 3306 suomptaso.p.t1nguoroqol:
683 3223 1067 3294 somareontinotasrb.
1123 3220 1192 3278 aad
1242 3214 1243 3237 ¹

177 3293 243 3362 ool:
267 3293 297 3346 et
313 3294 357 3347 rb.
415 3301 447 3350 1o
466 3294 688 3364 eiusmodr‘yvl:
715 3295 877 3350 huiusmodi
893 3297 938 3350 rb.
960 3294 1052 3365 terite
1079 3296 1123 3350 ast
1139 3294 1158 3348 1.
1238 3320 1243 3341 ·

178 3369 211 3416 11
235 3363 269 3416 A.
288 3363 375 3418 etiam
396 3365 487 3426 tunsis
504 3367 549 3420 rb.
606 3372 639 3419 12
662 3365 785 3421 Galenus
805 3368 893 3436 quib:
922 3365 1055 3423 Galionus
1071 3382 1095 3422 r.
1116 3367 1122 3433 Ι
1145 3363 1191 3418 ad·

177 3434 300 3488 mato
319 3433 513 3506 (affirmatyl).
531 3435 596 3506 this
613 3438 680 3506 qul:
699 3437 735 3492 iia
753 3439 798 3494 rb.
844 3435 1191 3507 tit.0t14.(eto)anetho

177 3521 216 3574 oo
226 3505 276 3574 (b):
295 3507 379 3561 aneto
393 3507 454 3576 l(r).
492 3512 525 3562 16
539 3523 638 3564 votum
650 3508 739 3563 habet
751 3509 876 3578 aliquam
889 3509 919 3563 in
933 3527 963 3565 ue
976 3508 1062 3571 etiam
1075 3523 1113 3561 nu
1126 3505 1189 3576 ool:

178 3591 276 3632 verum
294 3574 324 3630 in
343 3591 373 3632 sa
391 3576 479 3632 habet
495 3577 621 3646 aliquam
640 3578 736 3646 (otiam
754 3582 780 3650 r)
799 3598 836 3634 m.
854 3582 899 3637 rb.
