2517 3925
460 196 520 220 ,-
571 159 631 223 141
682 196 723 204 ——

94 322 345 403 compescendum
360 322 502 384 velociter
521 322 671 383 auriculae
690 322 824 384 dolorem
839 323 937 402 tepela

13 448 14 457 κ
93 412 271 474 infunditur.
307 412 388 474 idem
413 429 505 472 sucus
528 419 559 471 et
581 410 701 472 dolores
724 410 859 472 dentium
881 331 1005 495 miti&
1090 454 1095 459 -

13 491 14 516 ¹
93 502 257 564 sidiutirm
279 503 312 562 in
339 519 392 561 ore
421 508 566 563 teneatur.
609 500 662 560 sed
685 508 717 561 et
743 517 867 561 rosaceo
893 504 1005 563 mixtus

93 600 123 652 et
146 592 284 653 unctioni
307 591 443 669 corporis
465 589 602 651 admotus
626 588 757 649 febrium
775 591 936 669 restinguit
958 610 1004 651 ar·

67 680 192 741 adores.
229 682 304 741 omis
328 678 427 747 aridae
457 680 578 739 corticis
606 678 769 739 efficaciter
797 687 898 758 potest
925 699 1004 741 oom-

92 769 182 831 busta
200 786 316 829 saume.
349 768 477 829 eundem
498 770 629 828 cinerem
648 768 806 829 didicimus
824 768 862 828 ab
875 771 1007 849 expertis
1053 774 1068 808 *

92 859 218 919 vulnera
240 860 273 919 in
295 864 414 919 veretro
434 859 541 919 iamin
560 856 751 936 putredinem
768 876 854 918 versa
876 876 1005 938 purgare

93 956 124 1009 et
147 947 183 1008 ad
211 949 381 1008 cicatricem
404 965 500 1027 usque
524 946 699 1025 perducere.
742 945 931 1008 Dioscorides
957 966 1004 1007 ra·
1018 958 1113 1014 Dioec.

93 1044 195 1097 menta
227 1038 349 1097 corticis
376 1035 478 1097 viridis
510 1037 541 1095 in
569 1035 725 1096 cucurbita
756 1034 869 1117 laudat,
902 1035 1113 1097 eorum22161·

59 1136 82 1176 ¹⁰
94 1128 221 1187 effectus
245 1127 288 1187 sic
306 1124 410 1187 tradit:
438 1125 567 1186 siriasim
589 1123 748 1184 infantium
767 1126 857 1203 capiti
878 1127 1006 1204 inposita

93 1213 263 1295 depellunt,
294 1232 364 1275 cum
386 1214 505 1295 polenta
531 1211 679 1293 podagrae
708 1214 856 1274 aestuanti
879 1221 909 1274 et
931 1215 1005 1292 igni·

92 1303 150 1365 bus
175 1306 270 1365 sacris
293 1322 460 1383 cumpane
489 1301 679 1363 subveniunt.
716 1303 823 1362 semini
851 1303 930 1362 sicco
958 1301 1008 1363 illa
1053 1308 1069 1342 *

92 1395 136 1453 vis
167 1392 298 1467 traditur
320 1400 354 1453 ut
384 1395 416 1452 in
443 1392 597 1472 pulverem
626 1399 750 1452 tunsum
778 1397 810 1450 et
835 1392 1007 1470 inspersum

92 1481 217 1561 impleat
239 1481 362 1541 vulnera
386 1498 461 1560 quae
489 1488 590 1541 cavata
613 1488 692 1541 sunt.
730 1478 851 1559 quidam
873 1480 946 1541 illud
970 1499 1007 1540 ex
1053 1487 1069 1520 *

58 1580 82 1620 1⁵
94 1572 163 1631 vino
186 1568 352 1631 bibendum
380 1569 540 1650 dederunt,
567 1577 601 1630 nt
624 1568 788 1630 solutiones
808 1567 864 1628 alvi
886 1568 1007 1629 liuentis

93 1658 255 1724 inhiberet.
282 1659 419 1720 viticulae
439 1676 558 1738 quoque
578 1658 751 1719 cucurbitae
771 1659 830 1718 iam
849 1675 1006 1719 senescau·
1053 1664 1069 1699 *

94 1755 139 1809 tes
164 1766 234 1808 cum
258 1766 345 1826 passo
369 1753 458 1827 atque
487 1754 570 1808 aceto
599 1746 795 1827 dysentericis
822 1746 906 1807 datae
930 1748 1006 1806 miro

95 1836 183 1897 modo
209 1839 309 1897 saucia
332 1838 474 1898 intestina
497 1843 689 1915 componunt.

158 1997 305 2055 Cucurbita
334 1997 432 2072 frigida
461 2005 504 2054 est
532 2005 561 2054 et
590 1996 710 2056 humida.
751 1997 780 2050 ia
806 1993 867 2051 cibo
900 2001 1007 2069 sumpta
1026 2001 1083 2068 (31)

59 2090 219 2140 avenarum
246 2083 343 2140 mollit.
380 2099 475 2139 rasura
496 2097 587 2139 earum
610 2081 755 2138 oculorum
782 2088 904 2137 tumores
927 2079 1006 2136 tolllt.

96 2169 160 2224 trita
188 2183 252 2224 curn
273 2168 385 2242 polenta
411 2166 549 2242 podagrae
579 2164 732 2223 tumoribus
754 2165 887 2225 medetur.
924 2179 1007 2220 sucus

94 2269 190 2310 earum
205 2269 267 2310 cum
288 2269 402 2310 rosaceo
425 2253 524 2308 mixtus
547 2252 654 2307 aurium
675 2249 797 2306 dolorem
817 2265 878 2306 cum
901 2257 1007 2305 tumore
1126 2270 1130 2274 ’

95 2338 185 2408 tollit,
209 2337 272 2411 qnia
294 2337 432 2394 humectat
454 2345 483 2392 et
504 2334 622 2393 deducit.

170 2529 185 2576 1
205 2523 340 2579 velociter
357 2529 383 2594 et
399 2539 462 2578 mac
480 2521 605 2578 dolorem
623 2536 674 2575 om.
692 2521 735 2576 dl.
789 2526 806 2574 2
825 2522 855 2575 et
872 2536 923 2575 om.
941 2521 968 2574 d.
985 2522 990 2588 Ι
1005 2520 1116 2575 dolores

94 2595 187 2664 pald:
206 2611 279 2650 -rem
296 2597 340 2651 ab.
396 2601 412 2650 3
431 2593 538 2649 rosamo
556 2610 594 2663 po
617 2593 740 2662 (semper,
761 2597 794 2646 ast
810 2592 844 2645 tn
863 2591 1081 2660 Pseudoptim‘o).

94 2673 114 2720 4
131 2665 152 2724 f.
172 2666 286 2722 ardores
304 2666 455 2736 restinguit
472 2667 498 2721 d.
516 2668 520 2732 l
540 2662 693 2733 restinguit
709 2663 846 2732 potatum
870 2660 1016 2732 restringit
1033 2662 1080 2716 rb.

95 2742 113 2792 5
137 2736 217 2794 (linis
237 2738 334 2793 aridae
357 2737 469 2794 corticis
491 2738 546 2806 pot
565 2736 678 2805 (Pltaalr
706 2734 774 2789 Eius
796 2733 892 2788 aridae
911 2732 1029 2787 cortices
1047 2732 1114 2805 alal

95 2811 192 2879 potest
209 2825 248 2878 pc
272 2812 401 2880 (possunt
417 2810 478 2879 rb):
505 2808 613 2878 prestat
631 2807 717 2875 (pr‘at)
736 2806 777 2860 ld.
838 2811 854 2860 6
873 2802 979 2859 etenim
1000 2803 1031 2856 in
1054 2802 1118 2858 cibo

95 2881 231 2935 redactae
244 2887 310 2950 post
327 2896 427 2936 sanare
446 2879 510 2935 odd.
528 2896 544 2933 r
563 2879 629 2946 (aon
643 2878 678 2948 b).
696 2880 700 2945 Ι
716 2876 752 2930 ab
771 2874 894 2945 expertis
912 2890 962 2929 om.
977 2875 1004 2930 d.
1040 2880 1117 2929 8us-

96 2969 153 3021 que
167 2953 256 3008 aad.
273 2955 278 3021 Ι
294 2951 470 3008 Diascorides
483 2952 511 3006 d.
527 2950 532 3020 Ι
548 2949 689 3004 ramenta:
703 2943 831 3018 ξόσματα
844 2947 939 3001 Diosc.
976 2951 1118 3002 teomma

97 3038 197 3078 aarum
219 3025 373 3093 poldpb).
428 3029 462 3077 10
480 3021 601 3078 siriasim
624 3021 743 3088 (Dione,
764 3018 800 3085 ef.
820 3017 898 3072 Plio.
921 3015 1051 3072 ardorem
1073 3035 1118 3074 ca·

97 3091 190 3165 pitis):
204 3094 362 3165 pthiriasim
373 3111 424 3164 po,
439 3091 606 3164 pthyrinsim
621 3093 644 3160 t,
662 3089 810 3164 ptyriaaim
819 3089 889 3158 d(r),
904 3088 1083 3158 phthiriasim
1093 3090 1118 3144 b.

100 3165 148 3236 lp.
166 3165 298 3236 inquiens
316 3163 468 3222 infantium
484 3181 507 3219 r.
524 3166 529 3229 Ι
550 3162 652 3234 capiti:
679 3162 739 3218 cuti
758 3161 838 3244 pald
848 3161 913 3230 (rb).
930 3161 936 3230 Ι
954 3159 1119 3232 impositam

98 3237 162 3306 (tat)
178 3239 196 3294 l.
243 3243 276 3292 11
296 3235 409 3308 ignibus
428 3235 501 3291 aeris
518 3237 560 3292 to.
611 3241 645 3290 12
661 3231 768 3290 Semina
781 3230 856 3290 sicco
874 3230 905 3286 iu
922 3233 1037 3303 pulv'ere
1055 3235 1119 3288 tuso

98 3309 127 3362 et
144 3325 229 3380 super
246 3307 340 3365 intuso
359 3308 505 3378 implet'v.
524 3309 551 3363 d.
607 3313 641 3362 13
663 3309 759 3360 tusum
778 3305 852 3374 ἰῶ).
913 3311 947 3359 14
964 3321 1000 3359 ex
1017 3304 1118 3374 (vincla

98 3382 128 3435 et
148 3381 241 3451 pald,
269 3380 300 3436 in
322 3381 367 3436 ab.
424 3385 457 3434 15
476 3378 622 3434 solutionis
650 3381 714 3433 aaa
735 3390 806 3431 corr.
829 3391 855 3445 p.
911 3382 944 3431 16
962 3375 1118 3431 viticulae:

99 3449 244 3518 Quiricnle
257 3454 284 3508 d.
301 3452 306 3524 Ι
321 3451 379 3508 iam
392 3467 443 3508 aaa.
462 3451 503 3505 ld.
555 3454 589 3504 17
603 3451 689 3518 atque
702 3448 769 3518 polz
787 3450 818 3502 et
830 3447 850 3501 d
860 3446 928 3516 (rb).
943 3448 948 3515 Ι
964 3444 1119 3516 dysenteri-

99 3523 138 3578 cis
156 3541 209 3596 po:
228 3524 289 3594 dily
302 3523 397 3593 b)sse(i
409 3521 550 3592 r)ntericis
568 3521 609 3576 ld.
