2517 3925
552 234 794 299 -110-

317 408 404 473 ient.
432 399 512 479 ipsas
547 398 651 477 fugare
688 394 727 457 sit
762 394 934 457 facillimum
965 392 1186 456 vulturinarunr

166 499 272 564 inite.
300 497 404 563 tutte.
432 488 591 566 pinnarum
615 485 732 567 suhitu,
758 483 839 546 chuli
866 484 961 565 fumo,
993 482 1098 545 nidore
1122 485 1184 545 usti

152 582 154 585 ’
317 586 405 652 teti.
433 586 557 637 eornus'
571 576 692 636 cervini.
728 574 847 653 viperae
876 573 929 653 qui
955 575 1040 634 iecur
1063 579 1186 634 coctum

432 664 566 725 hauserit
600 668 729 743 negator
764 679 906 742 umnam
938 680 955 723 a
990 660 1183 743 serpentibus

278 754 405 828 (touta)
433 753 525 813 feriri.
561 754 662 813 erucis
680 763 716 812 ex
735 759 819 813 aceto
842 753 922 812 tritis
939 759 1103 831 perunctos
1121 759 1210 810 non⁵

317 852 405 916 29:1⁷.
432 839 579 902 mordent.
607 840 775 902 habentem
788 856 890 901 secum
909 850 962 901 cor
979 839 1108 901 vulturis
1124 855 1187 899 nee

434 936 590 1009 serpentes
613 939 670 990 nec
693 929 774 990 ierae
798 935 950 1010 appetunt.
1247 991 1249 1001 ,

499 1017 586 1079 Nunc
626 1019 758 1080 remedia
800 1016 949 1079 morsibus
991 1014 1184 1078 euhtciemus.

318 1117 406 1181 2223.
433 1106 583 1187 raphanus
606 1109 699 1168 sativa
722 1125 759 1167 ex
780 1124 872 1186 pusca
896 1108 1037 1187 coquitur
1059 1114 1090 1167 et
1103 1108 1185 1166 trita

317 1206 406 1271 tuot.
432 1195 534 1276 plagae
558 1198 730 1275 imponitur
763 1195 854 1260 aliurn
872 1200 984 1256 matum
1003 1212 1072 1256 oum
1094 1197 1222 1255 resti-1⁰
1247 1231 1248 1254 t

300 1294 406 1359 20260.
433 1284 491 1346 hue
514 1286 577 1348 suis
600 1293 635 1346 et-
652 1286 758 1350 tritum
777 1283 819 1366 ex'
836 1283 901 1346 oleo
925 1284 1059 1346 adicitur.
1097 1283 1185 1345 radix
1247 1257 1248 1338 i

300 1384 405 1447 22130.
434 1372 546 1435 serulae
574 1392 611 1434 ex
638 1376 706 1435 vino
734 1371 872 1436 medetur
901 1373 1046 1453 imposita.
1087 1372 1187 1433 farina

300 1470 405 1535 22161.
433 1461 507 1523 milii
527 1480 595 1523 cum
613 1464 680 1542 pice
698 1456 810 1546 liquida
830 1463 942 1550 optime
962 1459 1041 1528 iacit.
1077 1479 1188 1522 ervum

432 1552 538 1612 tritum
566 1566 603 1611 ex
626 1559 711 1613 aceto
734 1558 765 1612 et
791 1548 828 1613 ad
856 1552 1041 1630 serpentium
1063 1568 1185 1612 morsus

391 1646 393 1651 '
433 1646 463 1701 et
486 1637 522 1700 ad
546 1640 680 1701 omnium
702 1640 834 1701 ferarum
851 1648 881 1719 et
903 1638 1033 1700 hominis
1055 1639 1185 1701 mirifice
1197 1644 1220 1687 ¹⁵
1248 1655 1249 1708 t

318 1721 406 1801 aute.
434 1727 579 1791 medetur.
616 1730 718 1791 omnm
740 1745 858 1808 merum
884 1730 916 1788 in
943 1728 1066 1808 spongia
1087 1729 1184 1807 impo-
1248 1719 1249 1750 ¹

300 1825 406 1891 22138.
434 1816 524 1878 nitur.
564 1820 642 1878 mori
669 1817 739 1880 solia
764 1812 835 1879 trita
865 1818 1025 1898 recentior
1047 1818 1074 1877 si
1101 1815 1187 1877 arida

435 1907 507 1989 sint,
539 1904 663 1969 decocta
694 1913 726 1969 et
751 1923 845 1987 aeque
876 1907 947 1969 trita
977 1906 1188 1986 imponuntur.

194 2002 299 2069 ittet.
319 2003 406 2070 2228.
434 1991 539 2076 hysopi
562 2013 665 2056 semen
688 1993 810 2058 bibitur.
847 1998 912 2057 eins
940 1997 992 2076 qni
1018 2013 1185 2075 percussus

434 2090 481 2144 est
503 2091 605 2144 vertex
628 2077 770 2146 inciditur
793 2102 889 2166 eoque
912 2083 1030 2146 additur
1053 2084 1184 2164 euphor-
1197 2092 1222 2133 ¹⁰
1249 2152 1250 2171 χ

433 2170 530 2234 bium:
559 2167 697 2234 medetur
724 2191 911 2254 quacumque
938 2180 1022 2253 parte
1045 2175 1185 2253 corporis
1249 2178 1250 2225 ἐ

300 2269 406 2334 tutuo.
432 2260 601 2342 periculum
633 2269 687 2322 est.
732 2263 902 2326 centauriae
934 2260 1017 2324 radix
1048 2262 1185 2342 pondere
1249 2288 1250 2293 ¹

301 2358 406 2423 25,101.
434 2349 549 2409 denarii
570 2352 601 2410 in
624 2348 721 2411 tribus
743 2351 857 2430 cyathis
879 2353 940 2411 vini
962 2348 1083 2412 bibitur.
1120 2358 1184 2412 vet·

433 2438 531 2497 tonica
554 2436 647 2498 herba
673 2441 743 2499 trita
767 2441 880 2502 morsui
906 2440 1078 2519 imponitur.
1115 2458 1184 2520 aga-

433 2525 489 2585 rici
511 2523 590 2586 oholi
614 2534 755 2606 quattuor
777 2528 808 2589 iu
831 2526 950 2589 duobus
968 2527 1081 2608 cyathis
1098 2531 1184 2591 aceti
1197 2537 1220 2580 2⁵

300 2622 406 2688 tonet.
432 2613 522 2675 mulsi
543 2617 749 2697 propinantur.
781 2616 986 2678 aristolochiae
1004 2615 1087 2677 radix
1105 2617 1183 2698 pon-

239 2802 348 2874 lipsee
364 2817 396 2872 p:
414 2801 491 2874 ipsos
507 2802 559 2872 rb,
576 2803 641 2860 ilias
657 2804 707 2875 rh!
727 2803 765 2862 eit
781 2803 949 2862 feciiiimum
963 2807 1008 2861 est
1023 2807 1080 2875 (ui.)
1097 2806 1182 2862 είοά.

201 2872 385 2944 apinnemm
401 2891 432 2944 p:
454 2889 610 2945 perannum
627 2877 655 2932 d.
681 2879 686 2946 Ι
713 2892 808 2948 penna
828 2875 929 2932 suffieit
951 2878 1045 2947 (einr
1067 2877 1183 2947 (penne,

166 2944 263 3001 suffitu
280 2945 316 3016 b).
371 2951 388 3000 5
411 2961 458 3002 ex:
486 2961 549 3002 cum
572 2947 598 3004 d.
624 2950 628 3016 1
653 2948 719 3004 hoec
740 2949 798 3006 ecci.
816 2964 830 3002 e
848 2949 950 3003 locem
972 2947 1026 3004 loci
1047 2947 1184 3005 Pisaeam·

167 3017 304 3085 (2ο,126)2
359 3023 446 3073 oneo
464 3018 608 3087 serpentes
624 3033 675 3075 oro.
695 3020 721 3074 d.
777 3017 949 3075 isubieiem
971 3019 997 3074 d.
1052 3019 1183 3077 entire

166 3088 209 3154 (ot
226 3085 345 3160 Gorpst.)
362 3087 415 3158 qd:
435 3103 499 3144 nus
515 3089 552 3143 rh
571 3088 613 3158 (et
631 3089 697 3159 Pi).
722 3091 728 3158 Ι
750 3105 839 3160 pusca
857 3089 917 3146 Pi:
940 3105 1015 3161 equa
1032 3091 1126 3161 pairh.

166 3158 437 3233 10tostumydrh:
460 3159 559 3230 potum
581 3159 804 3216 mektect.Pl.
859 3165 893 3215 13
911 3159 998 3216 Erum
1015 3177 1041 3231 p.
1096 3163 1184 3217 ittet

165 3227 202 3284 ad
221 3228 345 3284 omnium
362 3245 394 3300 με
416 3232 446 3286 et
467 3231 593 3286 omnium
614 3232 665 3300 rh,
692 3234 722 3288 et
738 3229 776 3291 ed
794 3231 933 3286 omniad.
958 3233 963 3302 Ι
987 3230 1134 3288 hominum
1152 3233 1181 3289 d.

202 3305 237 3355 18
255 3298 312 3356 sint
328 3301 399 3370 prb:
418 3303 484 3357 sunt
501 3302 528 3359 d.
583 3307 618 3359 20
636 3303 802 3374 eoquepdh
820 3302 1064 3372 (vertex-iicet
1076 3320 1180 3359 orer.

201 3376 235 3427 22
263 3371 423 3434 centenariae
448 3373 543 3444 pairh:
571 3374 607 3429 -n'
633 3373 680 3444 (rii
720 3375 765 3429 Pl.
790 3376 796 3442 Ι
824 3373 935 3445 pondua
962 3375 990 3445 (9
1024 3374 1119 3445 pondo
1172 3417 1181 3446 ,

185 3442 289 3500 endere
302 3443 349 3514 rh)
368 3443 489 3500 denariis
499 3455 501 3461 ’
511 3444 647 3522 drachma
687 3447 706 3502 t
720 3446 795 3516 (ium
807 3460 833 3501 e.
847 3447 901 3517 26).
938 3450 973 3501 22
983 3417 1135 3502 hettoniee
1147 3461 1180 3516 pr

192 3513 288 3573 etonio
305 3517 336 3584 d,
354 3515 502 3571 Bettonice
519 3516 564 3571 rb.
619 3521 654 3572 25
673 3515 752 3573 obuli
769 3517 814 3572 rb.
874 3522 909 3574 26
927 3513 1113 3573 Aristolociee
1131 3532 1180 3589 pr,

164 3585 252 3659 hogio
270 3586 297 3646 d.
322 3590 327 3657 Ι
351 3586 475 3658 pondere
492 3586 541 3642 rb:
559 3588 669 3657 pondus
685 3605 716 3659 p,
734 3588 829 3660 pondo
846 3589 873 3644 d.
