2517 3925
495 187 716 251 ..65-

94 368 166 411 cum
193 349 268 409 oleo.
310 356 424 429 myrtea
450 352 532 429 virga
561 369 637 429 quae
665 351 746 411 lerro
770 359 847 413 tacta
875 363 980 427 tonna.

94 456 157 500 non
180 440 282 498 estin
306 437 407 499 dolore
436 441 591 518 inguinum
615 439 845 518 circumligatur.

95 526 279 588 absinthium
293 526 402 587 babere
417 530 448 587 in
459 528 584 587 ventrali
597 528 729 608 prodest.
748 527 846 608 pollex
874 540 961 602 aton.
985 542 1065 604 este

93 616 160 676 eius
177 615 265 695 pedis
284 634 373 694 aquo
396 618 508 694 inguen
527 624 572 677 est
594 618 729 696 proximo
753 615 845 695 digito
873 611 934 678 (⁰m·
953 614 978 679 t)

66 703 229 783 ⁵alligatus
253 711 403 765 tumorem
426 704 516 765 sedat.

159 904 272 961 m.
295 902 477 960 Ulceribus
498 903 536 960 in
559 916 658 961 curre
681 905 738 961 vol
759 905 796 961 in
818 906 920 961 tibiis

160 1022 319 1084 Ulceribus
343 1024 374 1083 in
402 1041 490 1083 crure
517 1023 562 1083 vel
589 1026 620 1083 in
648 1023 730 1084 tibiis
753 1024 845 1104 adeps
872 1036 977 1097 nenti.

91 1113 217 1173 ursinus
245 1111 374 1173 admixta
402 1110 522 1171 rubrica
553 1114 725 1192 imponitur.
769 1131 843 1191 qnae
907 1116 943 1170 ib.
1036 1105 1043 1113 ’

91 1208 221 1279 serpunt
248 1208 392 1261 curantur
420 1200 486 1259 felle
515 1203 619 1279 aprino
647 1219 719 1261 cum
745 1203 844 1261 resina

91 1296 122 1349 et
146 1306 278 1349 cerussa.
310 1288 495 1349 maxillarum
514 1291 578 1367 apri
596 1288 643 1349 rel
661 1290 724 1349 suis
743 1292 843 1350 cinere
907 1293 943 1347 cb.

52 1389 78 1427 1⁰
92 1379 320 1456 insperguntur.
357 1377 445 1437 timus
468 1379 608 1457 caprinus
623 1394 660 1437 ex
674 1385 758 1439 aceto
773 1377 842 1448 sub-
907 1381 943 1435 io.

90 1473 178 1528 actus
206 1473 237 1526 ot
264 1464 500 1526 subfervefactus
527 1468 701 1545 imponitur.
745 1468 844 1528 omnia
906 1468 942 1522 ib.

89 1556 122 1615 in
141 1554 190 1614 bis
208 1552 283 1613 locis
302 1553 403 1614 ulcera
420 1561 587 1632 purgantur
607 1562 637 1615 et
656 1554 843 1634 complentur

90 1638 168 1723 <et>
195 1648 395 1721 persanantur
421 1641 530 1722 butyro
560 1661 593 1703 ao
621 1642 750 1703 medulla
778 1661 842 1702 cer-

90 1732 173 1811 vina,
201 1732 274 1790 item
297 1729 364 1791 sebe
387 1731 506 1790 taurino
533 1750 602 1792 cum
630 1732 753 1810 cyprino
776 1730 843 1790 oleo
906 1732 942 1786 ib.

50 1830 75 1870 1⁵
90 1825 143 1880 aut
167 1820 254 1879 irino.

158 2019 288 2076 xxm.
312 2018 476 2075 Telorum
498 2016 609 2074 dolori
630 2018 689 2074 vel
710 2018 849 2075 tumori.

160 2136 306 2198 Crucibus
329 2137 375 2197 rel
397 2137 464 2198 talis
492 2138 519 2197 si
545 2143 662 2197 tument
689 2146 718 2197 et
741 2136 843 2197 dolent
870 2148 958 2210 etna.

90 2245 216 2289 muscus
225 2244 263 2286 ex
273 2224 338 2285 olco
352 2227 442 2286 tritus
457 2227 626 2304 imponitur.
651 2225 739 2285 limus
754 2242 841 2304 aqua-
900 2277 906 2291 ,

165 2466 344 2538 41ngu1nele
358 2465 485 2535 proximo
502 2482 532 2535 9,
561 2465 677 2535 inguine
701 2468 743 2521 esi
765 2484 807 2536 pr.
826 2467 845 2520 d
863 2466 974 2535 (inquo
993 2467 1111 2537 inguina

89 2539 177 2594 erunt
196 2538 289 2593 Marc.
304 2555 334 2606 p.
355 2540 426 2605 225).
499 2537 540 2589 tit.
565 2558 647 2591 mm
665 2537 811 2593 Ulceribus
833 2542 881 2592 etc.
899 2555 930 2608 9,
953 2538 999 2592 Ad
1016 2538 1111 2593 ulcera

88 2608 122 2663 in
141 2609 270 2672 cruribus
289 2611 318 2664 ei
335 2607 414 2663 tibiis
432 2607 459 2663 d.
527 2614 542 2662 6
561 2607 708 2664 Ulceribus
720 2607 853 2677 -tibiie,
872 2625 942 2678 quae
959 2610 1041 2663 verba
1059 2626 1109 2663 orn.

87 2681 147 2750 qd,
166 2697 200 2734 ecc
214 2681 295 2735 titulo
312 2680 396 2734 buius
409 2695 469 2747 cap.
483 2678 653 2733 restituenda
670 2695 724 2734 esee
739 2679 853 2733 Plinius
870 2680 990 2733 indicat:
1008 2679 1112 2734 Ulcera

89 2752 177 2804 sanat
193 2751 224 2804 in
241 2749 320 2806 tibiis
340 2748 519 2818 cruribusque
543 2749 623 2820 adips
641 2749 751 2804 ursinum
769 2755 817 2804 etc.
890 2755 905 2803 ‘1
930 2749 1067 2804 immixta
1084 2766 1110 2817 p.

129 2827 165 2875 12
187 2822 383 2892 purganturet
408 2820 591 2890 complentur.
627 2820 816 2875 Persannntur
834 2862 842 2877 .
858 2862 864 2874 .
883 2820 926 2889 gd
948 2821 988 2886 (et
1009 2835 1053 2874 om
1076 2824 1109 2887 r).

87 2894 251 2964 purgantur
269 2894 298 2948 et
318 2893 505 2963 pensarentur
526 2892 605 2946 babet
627 2893 710 2947 etiam
728 2891 822 2946 Marc.
837 2908 866 2959 p.
886 2890 968 2958 232(
1013 2932 1019 2943 .
1040 2890 1110 2958 Pl.):

88 2963 186 3033 itaque
205 2965 305 3020 addidi
317 2965 354 3020 et.
406 2968 439 3016 13
454 2963 556 3032 butyro
569 2963 690 3033 pr(ll1):
708 2962 820 3017 vulture
832 2962 859 3017 d.
898 2965 931 3014 15
945 2961 1007 3015 eut:
1023 2961 1068 3016 vel
1083 2963 1111 3016 d.

90 3032 216 3104 lhyrino
239 3034 281 3104 qd
308 3034 412 3102 (birino
441 3034 505 3101 btv:
538 3033 655 3103 hyrcino
672 3035 718 3089 rb.
743 3035 748 3102 1
777 3033 864 3102 inqd
884 3032 1008 3102 sequitur
1030 3034 1111 3115 qnasi

88 3120 180 3160 novus
207 3107 249 3160 tn.
273 3125 327 3160 xxv
351 3104 482 3160 cruribus
504 3104 601 3159 tuiis
624 3109 671 3159 etc.
690 3121 721 3174 9,
748 3103 794 3157 Ad
817 3119 898 3157 crura
915 3103 962 3158 vel
984 3103 1063 3159 tibris
1086 3102 1112 3158 si
1223 3121 1227 3130 ·

90 3174 192 3232 dolent
214 3175 261 3231 vel
282 3176 394 3230 tument
411 3178 442 3244 d,
469 3191 539 3246 quoe
556 3191 590 3230 ex
612 3177 674 3244 ipso
691 3174 774 3229 initio
801 3173 920 3243 capituli
941 3175 974 3229 de
992 3176 1112 3230 totorum

89 3247 185 3302 dolon
203 3246 249 3314 (ef.
270 3246 346 3301 Ptin.
366 3251 391 3301 ct
405 3247 498 3303 Marc.
508 3263 539 3315 p.
554 3247 617 3314 232)
638 3246 722 3301 dona
733 3249 807 3301 nott.
838 3261 919 3301 verus
936 3251 1025 3300 antem
1043 3248 1109 3300 titre

89 3319 136 3373 lus
153 3318 187 3372 in
204 3319 328 3388 marpbce
346 3319 503 3387 ademptus
515 3333 591 3372 nune
608 3318 641 3372 in
654 3317 731 3372 codd.
745 3318 880 3385 amentio
898 3317 1016 3385 capituli
1034 3327 1113 3367 mr

89 3390 136 3458 (ε.
160 3390 264 3457 mur)
295 3389 379 3444 initio
401 3389 579 3459 praepositus
605 3393 644 3442 est
679 3388 802 3456 (propter
833 3392 923 3443 uetare
954 3388 1111 3441 meritam

89 3461 149 3542 loco
176 3475 228 3513 eno
254 3460 324 3514 male
351 3461 499 3530 depulsus).
573 3465 607 3514 16
631 3457 763 3513 cruribus
778 3490 810 3500 —-
825 3458 923 3514 dolent
950 3457 1049 3514 addidi
1075 3471 1111 3509 car

144 3633 215 3672 Plinii
228 3633 323 3674 iunioris
336 3633 455 3674 medicine.
933 3623 949 3670 5
