2517 3925
511 164 755 229 -167—

120 326 211 385 etiam
238 323 403 405 veteribus,
431 328 595 388 canceratis
623 344 757 409 quoque,
790 330 817 388 si
842 330 927 409 prius
957 347 1034 408 aqua

121 413 216 474 calida
243 414 311 474 lota·
331 416 404 494 sint,
437 412 560 475 crudam
588 418 746 478 contritam
776 416 823 479 bis
854 416 902 479 die
929 420 1033 499 inponi

121 498 259 581 (iubet).
292 510 322 563 et
342 504 532 583 impetigines
552 504 647 565 credit
665 503 722 565 hoc
741 505 830 566 modo
847 508 949 567 tritam
968 509 1032 567 sine

19 612 21 639 ι
120 590 304 652 ulceratione
342 610 456 653 sanare.
510 592 660 673 podagrae
697 602 785 673 atque
823 593 1033 656 articularibus

18 702 19 705 ¹
91 678 235 741 smorbis
262 698 332 741 cum
358 689 426 742 ruta
454 690 484 742 et
512 682 664 742 coliandro
692 691 722 743 et
744 683 851 744 hordei
879 685 973 744 lerina
1002 692 1033 745 et

121 767 191 829 salis
214 770 291 829 mica
318 769 433 831 utiliter
456 771 606 832 admoveri
632 779 730 852 putat,
758 772 872 833 fistulas
900 775 1031 852 itemque

119 857 220 917 luxata
243 856 407 940 discutere,
435 868 569 920 tumores
592 868 644 921 aut
670 878 794 921 evocare
817 869 868 923 aut
891 879 1031 941 spargere

120 948 293 1028 inpositam,
316 949 463 1009 insomnia
481 967 515 1009 ac
529 949 643 1028 vigilias
657 967 848 1029 compescere
863 952 889 1011 si
909 949 1032 1011 decocta

121 1052 191 1096 eum
218 1035 278 1096 sale
306 1044 337 1096 et
368 1035 433 1097 oleo
461 1038 570 1097 iciunis
597 1040 628 1098 in
663 1036 729 1098 cibo
757 1038 858 1120 detur,
890 1038 1032 1100 decoctae

78 1138 107 1177 1⁰
122 1142 230 1203 aquam
266 1126 297 1184 in
338 1124 470 1186 lomento
507 1128 607 1187 nervis
648 1127 842 1206 articulisque
878 1128 1031 1207 prodesse,

121 1215 187 1274 eius
201 1214 254 1291 qui
272 1212 434 1291 brassicam
448 1214 544 1275 ederit
559 1218 678 1276 urinam
692 1219 804 1276 servari
823 1214 919 1296 iubet,
943 1234 1032 1295 quam

121 1300 293 1363 calefactam
325 1306 425 1363 nervis
457 1303 561 1364 utilem
593 1303 755 1365 adseverat.
801 1323 911 1385 pueros
942 1306 1032 1365 etiam

79 1432 86 1445 .
121 1407 283 1470 numquam
316 1390 429 1452 debiles
461 1392 527 1452 lieri
559 1395 584 1454 si
612 1411 649 1454 ex
676 1411 712 1453 ea
739 1396 826 1454 urina
858 1394 1032 1472 frequenter

121 1478 266 1541 laventur.

80 1580 108 1621 1⁵
189 1567 335 1630 hactenus
349 1570 386 1629 de
401 1568 521 1632 Catone.
545 1590 624 1633 nunc
640 1571 677 1631 ad
690 1571 823 1632 medicos
837 1579 1032 1654 transcamus,
1066 1565 1111 1619 Pl.

122 1675 159 1717 ex
187 1656 295 1737 quibus
324 1657 507 1739 Chrysippus
534 1660 715 1740 peculiarem
746 1659 895 1721 brassicae
921 1641 1132 1721 libmm20’34·

121 1745 228 1807 dicavit
256 1748 389 1809 omnium
417 1746 619 1808 membrorum
648 1766 685 1809 ex
712 1766 747 1808 ea
778 1747 909 1808 remedia
937 1751 1031 1809 conti-

121 1842 250 1896 nentem.
288 1838 353 1896 eius
376 1844 406 1896 et
429 1844 600 1897 ceterorum
623 1836 661 1897 de
685 1835 816 1899 brassica
838 1835 912 1896 baec
931 1838 1031 1914 opinio

2 1928 3 1994 ἶ
123 1930 185 1986 est:
222 1922 307 1985 cibus
342 1926 407 1986 eius
439 1924 580 1986 adsiduus
614 1925 770 2005 caliginem
803 1924 937 2006 discutit,
962 1942 1031 1985 con-

78 2025 107 2064 20
122 2015 251 2074 coctioni
265 2014 401 2095 prodest,
420 2017 628 2094 purgationem
642 2017 762 2076 leminis
775 2017 898 2094 excitat,
917 2015 1033 2092 copiam

119 2101 206 2162 lactis
229 2101 367 2164 infundit,
404 2104 572 2164 semicruda
595 2103 693 2165 mrum
716 2103 851 2185 resolvit,
878 2103 925 2163 bis
948 2109 1032 2163 cocta

120 2193 308 2271 constringit.
346 2191 438 2253 cruda
462 2210 498 2253 ex
521 2199 605 2254 aceto
629 2200 747 2272 sumpta
770 2191 919 2272 splenicos
937 2198 1033 2271 curat,
1077 2195 1093 2228 *

195 2385 208 2434 1
229 2367 340 2505 quoque
358 2397 396 2451 qo
415 2381 462 2452 (ef.
478 2381 548 2448 Pil:
567 2397 621 2451 que
636 2382 726 2452 zeb).
771 2385 787 2434 2
806 2380 868 2436 lota
879 2381 1012 2451 qoi(rb)=
1031 2378 1139 2434 lomen-

118 2452 183 2507 tsta
201 2453 275 2520 bul
303 2454 359 2507 ota.
387 2452 428 2508 sie
446 2452 595 2510 contritam
614 2454 729 2508 crudam
748 2453 766 2507 l.
782 2453 787 2520 l
802 2452 846 2507 bis
865 2451 910 2508 die
928 2467 959 2522 p:
981 2451 1026 2506 bis
1045 2451 1075 2505 in
1093 2450 1139 2506 die

117 2523 228 2591 ul(rb).
249 2525 256 2606 1
278 2522 386 2593 imponi
399 2525 428 2580 et
446 2523 493 2593 (nt
505 2525 546 2594 ol)
565 2526 620 2595 pel
643 2524 754 2594 (addidi
770 2524 850 2579 iubet
867 2540 901 2578 ex
916 2523 1014 2578 Plinio
1032 2521 1066 2590 cf.
1081 2523 1138 2591 rb).

156 2599 172 2647 3
197 2596 227 2649 et
248 2593 330 2664 m(im
348 2595 532 2665 obpetigines
550 2595 640 2650 credit
656 2597 724 2666 pei:
752 2597 783 2650 et
805 2595 841 2648 sd
859 2593 1041 2664 impetigines
1059 2593 1139 2648 iubet

119 2663 264 2734 creditque
282 2665 327 2719 rb.
374 2671 391 2720 4
409 2665 581 2721 ulceratione
598 2667 665 2736 pol:
684 2666 891 2721 exulceratione
905 2667 950 2720 rb.
997 2671 1013 2720 6
1033 2682 1054 2719 s.
1069 2680 1139 2733 quo-

119 2751 175 2804 qne
199 2736 272 2790 mica
290 2737 335 2790 rb.
358 2735 363 2806 1
387 2737 511 2806 itemque
533 2738 599 2806 pol:
627 2739 711 2805 atque
730 2737 776 2790 rb.
840 2742 855 2789 i
878 2735 977 2791 luxata
998 2735 1036 2789 rb
1055 2734 1138 2803 (Pl.):

118 2805 289 2873 laxataque
308 2807 353 2876 (ef.
374 2809 455 2876 adp.
476 2810 593 2877 ituit).
614 2809 619 2875 Ι
641 2806 781 2862 discutere
799 2808 923 2861 tumores
940 2807 973 2860 cl
996 2806 1068 2872 (urm
1087 2805 1138 2862 oe.

119 2882 147 2932 et
166 2877 236 2947 Pl):
260 2877 412 2933 discuteret
429 2879 559 2933 humores
577 2894 595 2948 9
614 2877 779 2946 (discutere,
801 2877 932 2932 humores
950 2877 1006 2945 rb).
1062 2875 1138 2930 8in-
1246 2928 1247 2931 ,

117 2947 598 3020 positacl.lsi—(9)detu19vl:
616 2950 726 3004 ommi.
763 2946 1138 3018 9Deeocteaquaml(rb):
1246 2952 1247 2961 ¹

118 3019 245 3076 Decocts
268 3037 303 3076 en
324 3027 381 3090 qna
404 3021 484 3089 (mab
501 3021 575 3089 dist.)
598 3036 628 3090 p,
657 3020 865 3090 decoctaeaqua
889 3018 958 3084 (une
980 3018 1054 3086 dest.)
1076 3034 1102 3073 o.
1244 3010 1246 3059 l

121 3096 154 3145 11
175 3089 243 3146 Eius
262 3108 374 3162 quoque
393 3092 441 3160 qui
458 3093 503 3147 rb.
560 3097 592 3147 12
614 3091 707 3146 nervis
726 3093 868 3145 asseverat
889 3089 989 3145 utilem
1006 3090 1052 3143 rb.
1069 3086 1074 3160 Ι
1090 3087 1138 3170 ed-

119 3164 232 3216 severat
248 3179 302 3233 qo,
325 3179 382 3217 ass·
401 3165 418 3219 l.
473 3168 507 3217 13
532 3179 566 3218 ea
587 3178 638 3218 orn.
658 3164 697 3217 vi.
753 3166 786 3216 15
805 3162 929 3216 Actenus
947 3177 973 3215 o.
1027 3166 1061 3215 16
1087 3176 1139 3215 cn·

119 3232 471 3375 itrtt’tliiirtl·
509 3239 549 3358 ἓξ
562 3230 1139 3374 timitiiittlitlit‘titia

159 3343 167 3357 ·
451 3346 457 3358 ·
606 3346 612 3358 ·
961 3345 968 3356 ·
1036 3344 1044 3370 s

120 3373 202 3428 cibus
220 3375 265 3429 rb.
282 3375 286 3446 Ι
303 3375 362 3430 eius
379 3376 478 3446 p(rb):
498 3390 547 3430 om.
567 3391 591 3430 o.
609 3376 613 3442 l
630 3374 756 3430 assirim
773 3376 837 3445 qni.
892 3380 926 3430 20
945 3371 1075 3429 foeminis
1093 3389 1139 3427 ex-

119 3445 319 3515 purgationem
338 3447 443 3501 exeitat
460 3446 506 3500 rb.
552 3451 585 3499 21
605 3445 652 3500 bis
668 3447 749 3501 cocta
763 3447 846 3515 (Pl.):
865 3446 991 3501 discocta
1007 3443 1139 3512 qvint).
1229 3508 1233 3519 1

157 3521 192 3570 22
211 3516 351 3587 splenicos
368 3519 420 3572 cbz
438 3515 564 3587 planicos
581 3517 642 3587 (sie)
656 3533 687 3588 q,
706 3518 833 3588 spenicos
850 3533 878 3586 r,
897 3514 1066 3586 spleneticos
1084 3514 1102 3568 i.
