2517 3925
358 252 388 292 Ι,
489 196 711 258 -17-

90 368 162 421 sunt
176 349 222 419 vel
237 361 387 419 minimam
401 360 552 420 offensam.
576 362 639 421 scio
654 368 735 421 certe
751 379 839 440 quos·

90 449 158 508 dem
177 447 308 508 medicos
331 448 421 509 huius
440 451 603 509 curationis
618 448 674 509 sibi
694 467 840 511 summam

90 538 246 598 scientiam
279 537 441 599 vindicasse
470 546 501 597 et
533 556 654 618 magnas
685 540 839 601 mercedes

89 628 262 706 poposcisse
295 645 363 687 cum
395 626 536 688 adversus
569 627 690 689 morbos
722 631 841 690 aurium

64 724 183 775 ⁵unum
207 723 259 776 aut
281 716 408 776 alterum
431 725 554 777 nossent
576 717 751 779 remedium.
784 737 839 778 nos

94 804 181 865 multa
195 805 376 883 proferimus
379 853 389 885 ‚
403 813 438 865 ut
452 824 521 866 cum
535 824 584 866 res
599 809 732 885 exegerit
745 810 839 886 possi-

90 911 156 969 mus
179 894 239 974 uti,
263 911 331 954 cum
354 913 391 954 ex
414 896 439 953 is
463 894 560 973 aliqua
583 898 780 956 occurrerint.

157 980 227 1042 Gari
250 983 422 1044 excellentis
446 984 581 1065 cyathus,
605 987 683 1044 aceti
706 984 841 1065 cyathus,
869 995 959 1059 3278.

89 1089 168 1131 unus
192 1071 288 1131 mellis
312 1072 435 1151 cyathus
459 1080 489 1133 ct
512 1074 666 1134 dimidius:
693 1076 724 1133 in
748 1072 839 1133 calice

53 1168 77 1207 1⁰
89 1178 170 1221 novo·
203 1162 314 1221 sensim
349 1160 540 1243 decoquitur,
576 1180 682 1242 spuma
714 1161 839 1223 subinde

88 1267 187 1328 penna
220 1248 347 1330 tollitur,
383 1258 414 1310 et
443 1268 512 1311 cum
544 1270 650 1331 spuma
686 1252 841 1331 resederit,

89 1344 262 1398 removetur
294 1346 324 1399 et
361 1356 397 1398 ex
430 1358 466 1399 eo
498 1340 632 1419 tepidum
664 1341 840 1401 infunditur.

89 1426 127 1487 ad
154 1444 258 1487 omnes
285 1427 451 1488 infusiones
479 1429 629 1490 auriculae
658 1429 842 1509 conchyliata
870 1440 959 1503 3277.

90 1515 157 1575 lana
184 1514 365 1577 obturandae
394 1525 471 1577 sunt.
508 1536 649 1579 ranarum
676 1519 767 1597 adeps
795 1537 841 1578 re·
870 1529 958 1593 3278.

53 1612 78 1653 1⁵
91 1606 200 1665 missus
223 1604 382 1666 instillatus
410 1605 543 1668 dolorem
571 1610 674 1668 statim*
693 1606 779 1668 tollit.
817 1608 843 1666 si
978 1622 982 1629 ·

92 1700 208 1754 tument
221 1711 309 1754 aures
325 1713 396 1755 suco
417 1694 559 1755 coliandri
578 1696 755 1775 mitigandae
770 1703 841 1756 sunt

92 1783 182 1860 prius
221 1800 311 1843 sucus
329 1783 457 1844 hederae
476 1786 594 1864 tepidus
613 1803 682 1845 cum
702 1786 769 1844 rino
797 1786 840 1843 in·
870 1794 958 1858 2477.

95 1869 228 1933 stillatur.
252 1871 311 1931 mel
328 1890 397 1932 cum
415 1876 531 1933 rosaoio
549 1872 672 1933 inditur.
696 1872 754 1932 mel
773 1890 841 1932 cum
870 1882 977 1947 22108.

92 1963 205 2022 rosacio
230 1968 261 2020 et
289 1977 394 2022 manna
417 1965 493 2024 turis
521 1964 556 2023 ad
584 1965 679 2024 instar
703 1962 841 2023 coclearii
916 1967 932 2000 *

53 2058 79 2098 2⁰
92 2048 269 2110 adiciuntur.
297 2050 354 2110 boc
377 2058 407 2111 et
425 2050 548 2112 vulnera
567 2059 650 2113 sanat
673 2061 704 2113 ct
721 2066 843 2112 umores

91 2141 231 2200 exsiccat.
271 2155 378 2218 parum
406 2141 559 2201 audientes
587 2141 701 2202 utiliter
724 2149 843 2201 acetum
871 2149 960 2213 tana.

91 2229 285 2307 gargarizant.
312 2229 513 2290 auricularum
529 2231 671 2290 lracturis
684 2229 843 2289 medentur
871 2238 978 2302 20‚104.

90 2315 175 2376 bulbi
198 2319 263 2377 triti
285 2325 316 2377 et
339 2320 465 2397 appositi
490 2326 520 2379 et
544 2321 648 2398 quinto
672 2319 719 2378 die
743 2317 841 2378 soluti.

92 2404 233 2466 loliorum
251 2405 319 2466 rubi
340 2409 372 2466 in
391 2425 449 2486 quo
470 2425 552 2468 mora
566 2415 731 2468 nascuntur
750 2423 842 2468 sucus
870 2416 976 2480 24912.

53 2501 78 2542 ²5
91 2493 213 2574 tepidus
239 2495 407 2556 instillatur.
449 2497 487 2557 lel
515 2497 639 2576 pecudis
663 2514 732 2557 cum
755 2496 841 2556 melle
870 2506 975 2569 aulae.

92 2599 182 2652 aures
199 2591 314 2663 purgat.
352 2586 450 2645 canini
472 2586 557 2646 lactis
583 2585 734 2646 instillatio
759 2585 842 2644 sedat
905 2586 944 2641 ib.

165 2775 358 2830 avendicosse
372 2775 439 2844 aro.
492 2741 622 2831 sexibus
644 2775 704 2842 (sic)
726 2790 751 2843 9.
804 2777 818 2826 7
838 2771 862 2826 is
877 2771 908 2827 d:
932 2769 976 2825 bis
996 2770 1065 2839 prb.

96 2849 111 2898 8
131 2846 214 2914 cyelui
232 2862 269 2917 p,
281 2845 410 2917 ci[t]otus
424 2847 456 2913 d,
475 2845 592 2915 cyathus
606 2867 617 2900 1
631 2845 676 2899 rb.
713 2851 729 2898 9
745 2845 869 2925 (cyrotus).
883 2859 957 2921 uuus
966 2857 998 2910 9,
1017 2840 1114 2895 1drb.

95 2917 230 2970 coniunxi
254 2933 316 2972 cum
343 2925 394 2986 seq.
441 2924 475 2973 10
494 2916 611 2972 subinde
635 2918 678 2970 ais
703 2914 795 2984 prima
818 2917 919 2984 (pnmo
941 2913 993 2980 pr.)
1017 2927 1112 2982 penna

93 2985 204 3041 tollitur
231 2989 280 3056 (aio
303 2989 362 3044 olio
385 2989 496 3044 lectione
517 2989 549 3042 ia
572 2989 633 3057 ipso
659 2991 737 3041 textu
759 2987 876 3054 adiecta)
901 3001 923 3038 r.
1017 2989 1049 3037 11
1069 2999 1115 3037 re-

93 3059 208 3112 cesserit
225 3059 270 3114 ab.
362 3066 394 3114 12
413 3061 573 3116 removetur
591 3060 637 3128 (sc.
657 3058 693 3113 ob
712 3057 790 3127 igne,
808 3062 841 3111 ut
860 3055 904 3112 M.
919 3070 949 3124 p.
970 3059 1004 3108 75
1021 3055 1114 3124 sup.):

92 3132 244 3185 renovetur
258 3132 277 3185 d
295 3131 355 3199 (om.
368 3131 460 3186 Marc.
466 3149 497 3202 p.
509 3135 542 3186 75
557 3132 623 3186 med.
639 3130 731 3185 eodem
745 3129 781 3184 ol.
788 3145 819 3196 p.
830 3133 873 3182 77.
884 3129 938 3196 82).
994 3131 1027 3180 13
1047 3141 1112 3207 con·

94 3199 211 3255 chilieba
228 3201 259 3269 d,
279 3201 452 3272 conquilicta
470 3219 487 3272 9
506 3202 565 3272 (sed
584 3218 649 3256 mox
668 3198 841 3269 conquiliete
858 3200 913 3268 rb).
932 3269 939 3281 ι
962 3202 994 3251 16
1005 3196 1110 3252 colian-

93 3270 137 3324 dri
154 3288 185 3340 p:
204 3272 345 3328 coriandri
363 3274 430 3328 olrb.
456 3276 462 3342 l
487 3275 558 3328 suni.
578 3273 660 3327 Prius
679 3273 710 3342 d,
730 3272 806 3338 sunt,
829 3270 880 3325 sed
898 3269 1040 3339 pnesrb.
1082 3338 1089 3351 ὓ
1108 3338 1116 3350 ·

94 3347 127 3396 17
147 3357 212 3398 cum
231 3343 292 3398 oleo
312 3344 357 3400 Pl.
413 3351 446 3400 18
465 3345 522 3399 mel
540 3360 563 3400 e.
581 3361 603 3398 r.
622 3343 641 3398 i.
660 3360 698 3398 m.
717 3359 740 3398 c.
758 3360 781 3396 r.
801 3343 830 3396 ei
848 3356 951 3396 monne
968 3338 1026 3408 pro
1045 3339 1114 3408 (met

93 3415 165 3482 quod
178 3415 292 3484 melque
305 3416 365 3486 tb):
385 3415 442 3472 mol
459 3431 604 3471 rosaceum
623 3417 652 3469 et
670 3429 775 3468 menna
792 3414 843 3483 (eie
855 3412 945 3467 mdis
958 3425 1028 3479 quae
1042 3409 1118 3464 mole

92 3486 209 3553 repetita
230 3487 396 3556 viduantur)
422 3487 449 3542 d.
534 3491 566 3540 19
586 3485 706 3541 cocleari
724 3486 751 3541 d.
833 3490 868 3538 20
886 3483 1017 3536 humores
1034 3481 1113 3550 prbe

93 3557 220 3612 tumores
239 3557 265 3612 d.
338 3563 372 3612 23
391 3558 470 3629 pulbi
489 3575 515 3628 9.
541 3558 545 3626 l
570 3578 595 3612 v.
616 3557 661 3613 die
680 3558 707 3613 d.

147 3659 215 3700 Plinii
228 3661 323 3701 iunioris
337 3661 454 3702 medicina.
935 3647 951 3693 2
