2517 3925
381 807 610 891 Medicina
646 809 806 892 Plinii.

476 940 589 1001 Romae
615 944 710 1001 1509.

417 1138 535 1210 capita
552 1140 636 1197 libri
653 1140 764 1211 primi.
870 1139 873 1142 ’

183 1252 196 1305 I
224 1251 269 1306 Ad
287 1254 428 1307 catenum
450 1252 496 1308 vel
518 1252 553 1307 ad
581 1253 784 1310 abundantiam
809 1256 958 1310 humorum
980 1256 1096 1327 capitis:

226 1323 341 1394 etquid
359 1323 396 1379 sit
414 1325 538 1379 catarum

172 1394 199 1446 Π
226 1394 271 1448 Ad
290 1394 413 1450 dolorem
432 1394 532 1465 capitis

158 1464 199 1519 ΠΙ
226 1465 271 1519 Ad
290 1466 500 1536 cephalargiam

143 1535 199 1590 IllI
226 1536 274 1606 Ad
288 1536 409 1607 ptyrias‚
428 1539 458 1591 ot
475 1536 645 1607 porrigines,
665 1540 694 1592 et
711 1538 834 1609 prmitus

172 1606 199 1661 V
226 1607 271 1662 Ad
289 1607 384 1662 ulcera
400 1606 431 1663 in
449 1608 542 1678 capIte
560 1609 705 1665 manantia

157 1677 198 1731 VI
225 1678 269 1733 Ad
288 1678 445 1749 alopeciam

143 1748 199 1803 VH
225 1749 271 1804 Ad
289 1749 407 1819 capillos
425 1748 613 1819 denigrandos
656 1786 659 1792 ·

128 1819 197 1873 VIII
223 1820 269 1875 Ad
286 1821 502 1891 hemycraneam
520 1822 549 1875 et
566 1823 726 1889 temporum
745 1821 870 1877 dolorem

154 1891 195 1945 IX
223 1891 411 1946 sciolorum
430 1890 572 1947 auriculae
590 1892 638 1947 vel
656 1908 746 1963 aquae
763 1892 920 1963 ingressum

171 1963 198 2016 X
224 1963 270 2016 Ad
288 1963 412 2019 dolorem
431 1963 540 2018 aurium

154 2033 196 2087 XI
223 2033 267 2088 Ad
285 2034 412 2090 dolorem
431 2033 541 2090 aurium
559 2035 709 2105 antiquum
726 2034 846 2090 fetorem
865 2037 895 2092 et
913 2037 1027 2092 odorem

137 2104 192 2158 XII
220 2105 392 2230 Addlaurium
408 2105 635 2162 imbecillitatem
648 2105 696 2161 vel
713 2106 810 2162 surdos
828 2109 858 2162 et
871 2123 918 2162 eos
936 2106 986 2176 qui
1003 2109 1096 2162 minus

222 2193 258 2230 au
280 2175 340 2232 ‘unt

128 2246 196 2301 XIII
223 2246 269 2301 Ad
286 2246 430 2316 parotides

114 2317 195 2382 XIIII
222 2317 267 2373 Ad
285 2318 410 2374 dolorem
429 2319 572 2374 oculorum

140 2389 193 2444 XV
220 2389 265 2443 Ad
283 2389 379 2444 oculos
399 2389 534 2460 sangnine
554 2389 672 2444 suffusos

129 2459 195 2514 XVI
223 2460 269 2514 Ad
286 2461 445 2530 lachrymas
464 2461 607 2516 oculorum
625 2459 804 2530 smingendos

112 2529 193 2584 XVII
220 2531 265 2585 Ad
282 2531 481 2657 Ιίρξίῗιᾱίἓθω
497 2530 544 2586 vel
561 2531 598 2586 ad
616 2548 664 2586 eos
683 2530 731 2601 qui
751 2534 848 2588 cantos
868 2533 1010 2588 oculorum
1030 2551 1094 2589 con-

220 2601 303 2656 tritos
342 2619 360 2656 a
379 2619 414 2656 en

100 2670 204 2726 XVIII
221 2672 266 2726 Ad
285 2673 434 2743 caliginem
452 2673 595 2728 oculorum

128 2741 195 2796 XIX
222 2742 268 2798 Ad
285 2743 376 2799 aciem
395 2743 538 2800 oculorum
918 2812 921 2817 Ι

143 2811 196 2866 XX
222 2813 268 2868 Ad
285 2815 446 2871 leucomata
464 2814 509 2869 vel
528 2814 565 2869 ad
583 2813 755 2870 cicatricem:
776 2816 804 2870 ei
822 2815 947 2871 maculas
970 2885 973 2890 Ι

130 2883 196 2938 XXI
222 2884 268 2939 Ad
285 2885 359 2956 pilos
378 2886 522 2942 oculorum
539 2885 682 2940 adulteros

114 2954 195 3010 XXII
222 2955 268 3010 Ad
289 2955 426 3027 caligines
449 2956 581 3030 cecitates
604 2956 651 3011 vel
677 2958 710 3010 ut
732 2956 886 3012 crassitudo
914 2957 1095 3028 abstergatur

102 3026 194 3080 XXIII
221 3027 266 3082 Ad
283 3027 465 3082 maturandos
483 3027 628 3098 aegilopas
820 3034 823 3041 “

87 3096 194 3152 XXIIII
221 3097 267 3151 Ad
284 3099 380 3154 ulcera
396 3097 507 3154 narium
527 3100 556 3153 et
573 3098 668 3154 omnia
685 3098 803 3154 vulnera
819 3099 1009 3155 vetustissima

114 3167 194 3223 XXV
220 3168 266 3222 Ad
283 3169 403 3224 fetorem
422 3168 532 3224 narium
548 3169 596 3224 vel
613 3167 741 3239 polipum

100 3237 193 3293 XXVI
220 3238 267 3292 Ad
284 3239 453 3310 profluvium
471 3239 581 3294 narium

87 3307 192 3364 XXVII
220 3310 266 3364 Ad
283 3310 447 3381 sanguinem
466 3311 501 3366 de
519 3327 587 3365 nare
605 3309 773 3366 eiiciendum

74 3378 192 3435 XXVIII
217 3381 263 3436 Ad
282 3380 466 3438 stillationem
484 3381 594 3438 narium
613 3398 648 3438 ex
664 3380 781 3436 humore

101 3449 192 3504 XXIX
219 3451 266 3505 Ad
282 3451 384 3508 vitium
403 3452 459 3509 oris

113 3519 192 3575 XXX
220 3522 266 3576 Ad
283 3523 378 3579 ulcera
396 3523 452 3578 oris

126 3623 194 3664 Plluii
209 3625 303 3665 iunioris
318 3626 435 3666 medicina.
