2517 3925
492 234 712 303 „53-

90 396 150 458 sale
179 396 411 481 subfervefiunt,
444 400 487 460 sie
515 399 598 461 datae
626 402 659 461 iu
686 399 754 463 cibo
777 420 843 464 coe·

90 486 236 547 liaeorum
250 485 387 550 dolorem
396 486 541 550 mulcent:
555 487 706 551 abstinere
721 508 737 550 a
751 490 843 571 frugi·

88 573 147 636 hus
178 578 272 655 prius·
298 576 435 655 gallinam
463 585 501 645 *et
536 576 688 639 homiuem
716 587 842 659 oportet.

89 664 179 725 limus
202 664 392 727 columbinus
415 673 512 728 tostus
536 675 566 728 et
588 669 678 728 tritus
705 668 841 748 dysente-
905 670 963 725 al>-⁴

66 755 162 814 tricis
194 756 227 815 in
258 757 381 834 potione
417 756 616 836 propinatur.'
647 755 778 836 palumbi
810 760 841 819 in
905 757 942 812 sb·

90 850 176 903 aceto
204 841 331 905 discocti
358 852 389 905 et
420 843 615 925 dysentericis
644 852 673 905 et
705 846 843 907 coeliacis
870 829 931 897 (Μ
945 830 972 901 'l

89 934 121 992 in
142 929 208 993 cibo
227 931 395 995 medentur.
423 934 626 1014 dysentericos
644 933 762 996 adiuvat
779 944 841 996 tur·
905 935 941 989 d>-

90 1020 150 1081 dus
172 1023 321 1087 inassatus
350 1025 440 1084 tritus
467 1025 499 1083 iu
522 1022 589 1083 cibo
613 1032 751 1103 sumptus
774 1043 843 1085 cerm
869 1005 931 1073 (⁰⁷¹²-
945 1006 994 1074 'bl

89 1112 182 1189 myrti
204 1109 295 1171 bacis.
332 1113 404 1172 item
427 1113 462 1197 ‚in
485 1111 615 1173 eundem
637 1112 759 1173 modurn
782 1131 842 1174 me·
869 1111 907 1166 ib.
933 1113 993 1179 (⁰⁷1²-
1008 1111 1057 1181 rb)

56 1210 77 1272 19
90 1197 158 1259 rula
185 1201 323 1261 sumitur.
361 1202 568 1280 gravissimum
597 1203 711 1263 ventris
738 1204 843 1264 vitium
870 1209 958 1273 eoae.

90 1288 166 1347 ileos
176 1288 354 1368 appellatur:
368 1290 437 1351 huic
447 1292 561 1351 resistit
570 1291 714 1371 discerpti
724 1309 841 1371 vesper·
904 1290 942 1345 io.

92 1375 206 1437 tillonis
230 1380 351 1457 sanguis
378 1378 480 1439 inlitus
503 1380 608 1440 ventri.
647 1380 843 1459 dysentericis

91 1483 146 1526 ova
159 1466 257 1545 pridie
271 1468 303 1527 in
322 1474 406 1528 aceto
420 1475 623 1548 macerantur,
644 1486 750 1529 eorum
763 1467 843 1530 lutea
870 1476 957 1540 29,st

90 1556 245 1633 friguntur
272 1557 303 1615 in
331 1556 396 1617 oleo
427 1565 458 1618 et
484 1557 674 1618 devorantur.
720 1576 774 1617 ova
806 1575 843 1618 ex
869 1566 957 1629 tate.

56 1655 77 1693 1⁵
91 1652 176 1705 aceto
196 1652 398 1726 macerantur,
422 1664 459 1706 ex
481 1644 528 1706 his
548 1654 578 1706 et
601 1645 696 1706 latina
714 1655 745 1707 et
767 1664 843 1725 aqua

90 1733 177 1812 panis
202 1733 340 1796 coeliacis
362 1734 404 1795 lit.
441 1733 560 1813 quidam
589 1734 694 1795 eadem
716 1752 769 1795 ova
796 1753 842 1795 re·
905 1732 942 1787 dr·

92 1820 212 1883 solvunt
241 1829 272 1882 et
298 1824 331 1882 iu
356 1824 465 1902 patinis
493 1830 570 1884 tosta
603 1822 674 1883 dant
702 1826 735 1882 iu
767 1822 843 1883 cibo.

92 1928 198 1972 caseus
212 1918 299 1973 vetus
313 1910 418 1974 ovillus
439 1913 471 1972 iu
489 1909 556 1973 cibo
576 1911 716 1992 prodest>
741 1929 844 1973 sevum
871 1919 959 1983 adad.

92 1999 214 2062 ovillum
237 1975 395 2062 dedoctum
421 2002 453 2064 in
481 2002 549 2062 vino
573 2009 694 2062 austero
720 1999 843 2063 bibitur.
906 2000 942 2056 ai.

57 2088 148 2150 ahoe
168 2097 199 2151 et
217 2087 276 2150 ileo
296 2089 441 2152 medetur.
469 2089 586 2151 cocleae
608 2090 683 2151 duae
702 2098 843 2152 teruntur
905 2089 944 2145 td·

93 2195 163 2240 eum
186 2180 251 2238 suis
273 2181 359 2240 testis
378 2186 409 2240 et
431 2197 485 2239 ova
504 2178 597 2240 cruda
616 2197 653 2239 ex
674 2180 755 2259 passi
778 2197 843 2257 cya-

93 2266 152 2328 this
183 2265 325 2348 duobusy
348 2285 441 2346 aquae
470 2267 583 2348 cyathis
611 2266 723 2349 tribus,
755 2274 844 2346 atque

93 2363 190 2416 totum
217 2357 250 2414 iu
273 2373 349 2416 novo
372 2373 440 2416 vase
465 2356 641 2416 calefactum
669 2355 705 2416 ad
732 2364 843 2435 tempe·

93 2452 264 2505 ramentum
281 2447 412 2524 potionis
430 2442 551 2508 bibitur.
589 2443 758 2506 coclearum
776 2462 845 2506 cum
871 2453 959 2518 eote.

166 2744 180 2791 1
206 2737 237 2792 in
260 2738 323 2793 cibo
346 2738 507 2794 siliacorum
524 2755 556 2809 y,
583 2738 612 2794 in
637 2739 721 2794 eibos.
750 2738 896 2794 illocatum
917 2737 944 2794 d.
1023 2736 1112 2792 281)-

95 2810 199 2864 stinere
218 2825 255 2878 qr
265 2809 348 2879 (Pl.)=
367 2809 404 2864 ·ri
417 2811 444 2865 d.
466 2815 469 2879 Ι
494 2827 512 2865 a
529 2810 670 2881 frugibus:
688 2811 729 2864 aio
742 2810 825 2865 diam
838 2810 874 2863 rd
889 2809 933 2876 (de
945 2809 1109 2890 „cel3lectj‘

93 2886 168 2935 mat
186 2880 247 2952 br).
319 2886 336 2935 4
356 2879 462 2936 eiliacis
481 2883 511 2936 et
528 2880 711 2936 dissintericis
729 2897 745 2934 r
763 2882 798 2949 (b.
817 2880 852 2947 cf.
868 2878 934 2947 Pa).
962 2879 1111 2947 dycmten·

93 2951 169 3022 oisy
196 2952 247 3019 (eie
264 2953 385 3022 acopo).
459 2951 623 3036 coeliacis
640 2969 671 3023 q:
694 2951 787 3036 iliacis
809 2951 862 3035 d·
908 2955 1013 3035 sautu
1028 2947 1111 3034 (Piis

94 3023 597 3164 adsiduitatis
609 3022 1112 3164 laditfflttddttllt

93 3179 193 3220 uocum
220 3165 340 3220 titulun.
411 3171 444 3219 11
466 3165 545 3235 ylecs
568 3167 595 3223 d.
621 3167 625 3236 Ι
650 3163 811 3235 appeltam
832 3180 863 3234 9:
890 3166 1008 3220 vocator
1030 3165 1056 3219 d.

95 3234 376 3378 ¹³1l‘ill'lglnllll'
403 3235 589 3363 palidi
609 3235 1112 3377 *amu-alltoea'lmdttl

94 3379 175 3450 (Pl.):
197 3377 291 3434 ilieeis
305 3380 331 3434 d.
356 3349 410 3461 il
425 3379 537 3448 patenis
555 3389 601 3449 ῳ.
636 3325 864 3448 '1eautcerlya
910 3350 945 3434 26
958 3377 1015 3433 ileo
1030 3376 1111 3445 (Pl.)=
1160 3407 1164 3418 ·

94 3449 201 3505 eiliacis
228 3465 279 3520 or,
310 3449 402 3506 iliacus
430 3451 456 3506 d.
534 3455 568 3505 21
597 3450 696 3505 crude:
725 3448 812 3504 cruda
834 3469 857 3509 11
880 3447 972 3504 Marc.
995 3465 1026 3516 p.
1039 3451 1111 3510 Ι193.

92 3525 181 3647 Meu}
197 3523 294 3662 ἕψε
319 3537 349 3591 y:
381 3537 430 3578 om.
455 3522 481 3576 d.
564 3526 597 3578 23
625 3521 657 3576 in
682 3539 709 3577 n.
733 3538 759 3576 v.
788 3519 935 3576 decoctum
957 3535 980 3574 r.
1010 3522 1015 3585 1
1044 3533 1111 3629 rasa
