2517 3925
559 213 802 277 —146-

282 381 456 458 sanguinem
470 377 665 439 reicientibus
681 378 814 455 itemque
833 378 988 456 geniturae
1007 376 1180 440 abundantia

277 466 480 529 laborantibus
503 466 618 528 alterno
641 464 690 527 die
708 464 858 545 potandus
879 466 1013 526 offertur.
1049 464 1182 526 omnihus

276 555 413 637 partihus
428 573 504 635 qnae
517 555 745 635 refrigeratione
759 553 907 615 sanandae
920 561 1006 635 sunt,
1021 572 1091 615 cunr
1102 561 1182 632 aceto

279 652 310 706 et
332 662 454 707 cerussa
476 644 638 705 efficaciter
660 659 753 703 sucus
775 642 920 705 inlinitur.

183 834 262 960 2⁰1³&
346 844 441 902 xm.
473 845 523 900 Da
546 843 733 900 nasturcio.

171 945 270 1031 Dibccs
348 962 459 1025 Natura
491 964 643 1024 nasturcio
676 964 806 1023 caustica
838 970 938 1023 estet
969 970 1071 1024 tumen
1102 976 1203 1024 usumi

182 1050 271 1117 ²21⁸ss
280 1053 435 1114 venerium
461 1051 579 1113 videtur
610 1046 761 1131 inhihere,
793 1050 897 1112 eadem
918 1051 1047 1113 ioriasse
1074 1053 1182 1113 ratione

279 1159 338 1221 qua
360 1143 449 1203 etiam
473 1148 541 1203 ruta
563 1142 655 1203 nimia
672 1141 702 1200 vi
719 1140 826 1201 caloris
846 1157 950 1201 semen
971 1140 1103 1221 genitale
1121 1158 1182 1201 con·

279 1232 379 1293 sumit.
416 1230 563 1291 fermento
595 1231 722 1290 mixtum
753 1236 785 1291 et
813 1228 981 1309 adpositum
1013 1228 1182 1291 furunculos

279 1322 410 1397 itemque
421 1317 620 1381 carbunculos
628 1323 788 1397 provocata
798 1320 1011 1399 suppuratione
1021 1317 1182 1397 disrumpit.

280 1425 371 1469 sucus
397 1406 501 1485 inlitus
528 1405 643 1486 capillis
669 1404 832 1469 liuentibus
863 1406 994 1486 prodest.
1037 1407 1120 1469 idem
1145 1408 1213 1471 iri-¹⁰

279 1497 365 1557 lusus
380 1494 503 1557 auribus
521 1494 642 1556 dolores
655 1494 791 1557 dentium
804 1496 927 1575 nitigat
954 1498 1081 1557 seminis
1099 1497 1184 1555 maior

198 1658 199 1661 Ἴ
279 1586 404 1647 ellectus
437 1584 510 1645 adeo
542 1590 577 1647 ut
606 1586 697 1645 etiam
732 1591 837 1663 partus
873 1591 970 1647 necet.
1020 1603 1093 1647 cum
1123 1585 1182 1645 rino

279 1672 418 1735 haustum
441 1672 577 1735 animalia
599 1675 713 1734 renuis
735 1674 890 1753 extinguit.
922 1675 1047 1735 venenis
1071 1690 1181 1753 serpen·

279 1763 355 1824 tium
390 1763 522 1823 occurrit
554 1769 585 1822 et
621 1761 724 1841 fugare
757 1780 808 1821 eas
844 1761 978 1824 creditur
1010 1760 1182 1825 carhonihus

284 1850 514 1930 suffumigatum.
545 1849 655 1911 lienem
672 1852 810 1931 reprimit
827 1852 859 1911 in
877 1852 998 1930 potione
1017 1870 1090 1911 cum
1108 1858 1181 1911 aceto
1192 1861 1210 1900 1⁵

280 1938 381 2002 datum
404 1938 450 2000 vel
480 1956 549 2001 cum
572 1938 628 2000 lieo
656 1937 838 2001 devoratum.
874 1938 1044 2002 ischiadicis
1068 1939 1181 2002 utilissi-

280 2047 362 2089 mum
380 2035 426 2088 est
445 2046 514 2089 cum
536 2034 620 2089 aceto
644 2035 675 2089 et
700 2027 821 2108 polenta
842 2031 1023 2109 impositum.
1060 2027 1182 2090 lichenas
1235 2080 1236 2093 ,

280 2134 349 2178 cum
376 2115 462 2178 melle
490 2115 608 2178 inlitum
636 2126 751 2196 purgat.
796 2116 898 2178 ulcera
921 2119 1026 2200 capitis
1058 2121 1180 2196 itemque
1235 2128 1237 2219 p

278 2207 462 2285 porriginem
490 2223 558 2266 cunr
586 2207 725 2268 anserino
748 2205 834 2286 adipe
850 2207 955 2288 tergit.
992 2206 1093 2268 alvum
1118 2223 1181 2286 pur·
1235 2224 1237 2259 ι

1234 2364 1235 2391 l

203 2441 260 2509 (37)
344 2435 491 2491 lntihorum
514 2451 618 2510 genera
636 2444 701 2491 sunt
727 2436 798 2508 duo,
826 2436 959 2493 subamari
987 2447 1015 2494 et
1041 2438 1236 2525 dulcimodo,

280 2519 421 2578 stomacho
449 2517 634 2592 nicomedi,
662 2528 690 2576 et
711 2530 832 2579 tenuem
853 2523 1026 2597 restringunt
1056 2523 1115 2580 triti
1129 2536 1182 2579 cun
1234 2527 1236 2577 Ι

280 2613 373 2678 aceto,
396 2611 423 2660 et
445 2603 588 2660 oculorum
602 2603 713 2661 dolores
737 2600 812 2683 [cum
828 2599 964 2684 polenta}
995 2606 1126 2665 cardiacis
1140 2606 1182 2661 lm·
1233 2678 1234 2689 ἵ

279 2704 351 2762 pone
372 2691 400 2744 in
423 2689 536 2746 sinistra
559 2688 683 2746 mamilla.
1233 2700 1234 2707 ¹

280 2805 493 2815 ...n-m

246 2933 260 2982 1
279 2926 470 2983 reficientibus
488 2927 548 2996 (cic)
570 2942 596 2996 p.
661 2932 677 2979 i
700 2926 817 2982 offertur
837 2928 979 2996 petendus
1000 2929 1046 2985 rh.
1111 2933 1182 2982 ten

171 2997 496 3067 nendeerhzdapvl.
547 2997 1043 3067 iquazquaep.letimnom.rh
1094 2996 1183 3054 tileo

173 3071 300 3125 mentum
318 3070 382 3138 (ui)
401 3069 445 3126 rh.
462 3073 468 3138 Ι
487 3068 624 3124 termento
644 3069 721 3124 Plio.
740 3093 776 3116 a
793 3063 868 3141 dtpp
886 3069 981 3126 Diem.
1034 3069 1182 3126 odinum·
1232 3076 1233 3099 ³

172 3140 217 3210 pit
233 3141 286 3210 pol
304 3139 371 3207 (dir-
388 3139 445 3210 rh).
515 3138 732 3210 itlinliinspv:
755 3139 914 3210 illituum,
940 3139 1061 3196 illinitus
1080 3141 1098 3198 l.
1119 3142 1124 3210 Ι
1146 3139 1182 3192 in-
1232 3172 1234 3216 i

114 3217 116 3222 '
170 3209 492 3280 inenormiuruspol.
549 3216 579 3266 11
600 3211 865 3282 mgiorontcroc.
882 3228 909 3283 p.
964 3218 998 3267 18
1016 3210 1183 3282 serpentium

171 3297 222 3351 pv:
241 3281 314 3336 turn
330 3281 416 3350 rid).
472 3286 507 3336 14
524 3297 573 3336 eos
590 3297 642 3351 pv:
660 3297 709 3337 eos
725 3283 835 3353 citii!
856 3282 1023 3340 corbonibus
1040 3298 1092 3338 om.
1110 3297 1134 3336 r.

173 3357 207 3407 15
225 3351 343 3407 Liennm
360 3367 385 3422 p.
403 3355 407 3421 Ι
427 3350 457 3406 in
479 3351 595 3422 potione
613 3368 666 3408 eor.
682 3369 706 3409 r.
722 3356 728 3421 Ι
746 3369 813 3409 cum
829 3357 923 3411 oceioc
950 3370 985 3410 ex
1001 3353 1067 3410 vino
1087 3353 1133 3409 Pl.

173 3421 1049 3496 16fieopotiienrhd).lsoiodicinp‚scioh'oise(rh),ee
1101 3422 1134 3436 ’“
1165 3421 1182 3475 l·

176 3492 350 3565 intillimum
366 3509 413 3563 po.
473 3499 506 3548 19
545 3493 695 3565 ortiginem
712 3496 831 3567 poem:
853 3496 1026 3568 pruriginem
1076 3492 1180 3563 (Odoil

172 3582 238 3619 cum
255 3563 338 3634 adipe
356 3562 485 3619 amerino
502 3511 547 3620 cg.
564 3566 568 3632 l
584 3567 678 3636 terget
694 3567 755 3635 pol.
