2517 3925
545 195 788 259 —174—

172 350 264 489 ἓξὲξ
335 362 490 420 mvn
521 366 570 420 ue
592 366 722 431 thymo.

336 482 483 563 Thymum
510 485 588 543 inter
612 500 647 543 ea
673 491 756 544 recte
785 485 908 563 ponitur
935 501 1011 562 quae
1033 485 1176 545 virtutem

269 571 391 633 calidam
424 562 512 633 simul
540 579 749 651 austeramque
782 574 886 633 sortita
919 580 996 633 sunt.
1041 574 1075 632 in
1110 572 1175 633 cibo

268 669 419 740 sumptum
457 660 612 741 caliginem
649 661 786 743 discutit,
824 660 986 722 lumbricos
1022 663 1176 744 interimit,

268 752 384 810 utrinam
416 749 544 832 inpellit,
576 757 730 810 menstrua
757 751 876 811 leminis
910 757 1064 832 provocat,
1097 752 1175 811 uteri

267 838 408 917 reliquias
431 838 533 899 vulvae
562 838 753 900 inhaerentes
775 838 821 899 vel
848 841 929 918 ipsos
952 846 1056 918 partus
1080 851 1198 899 emor-5

268 933 335 987 tuos
355 927 490 989 extrahit.
522 930 627 988 tritum
648 945 717 988 cum
731 927 818 989 melle
833 928 914 988 etad
929 927 1049 990 modum
1067 927 1175 1007 ligulae

267 1015 367 1076 datum
397 1016 533 1095 flegmata
562 1017 594 1077 in
618 1016 684 1077 cibo
708 1016 803 1078 solvit.
840 1019 945 1078 tritum
973 1035 1010 1077 ex
1037 1025 1124 1077 aceto
1147 1024 1176 1077 et

266 1106 428 1184 inpositum
457 1105 561 1166 eodem
584 1105 673 1165 modo
696 1105 819 1185 papulas
848 1106 931 1186 lugat
954 1113 984 1166 et
1014 1107 1175 1185 emiuentia

266 1194 383 1255 excidit.
415 1197 541 1255 mixtum
559 1192 697 1274 polentae
722 1202 752 1255 et
775 1196 806 1254 in
826 1196 894 1255 vino
918 1202 1103 1255 maceratum
1127 1213 1172 1253 co·
1240 1229 1242 1237 ,

265 1300 378 1361 xacque
398 1283 515 1344 fervens
535 1285 757 1363 superpositum
777 1282 946 1345 ischiadicis
966 1282 1097 1345 salutare
1121 1292 1172 1343 est.
1185 1295 1205 1334 10
1240 1291 1241 1304 ¹

226 1476 232 1486 ·
331 1448 505 1505 mvn.
537 1449 586 1503 De
610 1448 759 1517 origano.

333 1564 462 1645 Origene
486 1565 591 1627 Graeci
618 1569 677 1627 tria
699 1568 818 1627 nomina
839 1574 1020 1647 posueruut,
1049 1586 1087 1627 ex
1110 1568 1170 1646 qui-

265 1652 321 1715 bus
351 1672 444 1715 unum
471 1658 708 1737 tragoriganum,
737 1655 816 1717 aliud
846 1655 1034 1738 heraclium„
1051 1658 1171 1717 tertium

265 1746 377 1804 onitem
398 1753 586 1806 rocaverunt.
629 1744 682 1805 sed
711 1744 761 1805 illa
788 1746 908 1805 maioris
936 1746 1056 1805 virtutis
1085 1752 1169 1823 atquc
1240 1787 1241 1820 p

265 1832 413 1893 efficaciae
438 1836 609 1895 sentiuntur
631 1836 663 1894 in
686 1836 801 1895 ratione
821 1833 999 1914 medicinae,
1021 1832 1081 1893 hoc
1104 1834 1168 1893 sati·

264 1940 334 1983 vum
357 1924 443 1983 cuius
470 1941 525 1984 nos
548 1924 738 1985 meminimus
765 1922 915 2002 aliquanto
943 1922 1092 1983 infirmius
1114 1920 1168 1982 illis
1181 1931 1200 1973 1⁵

265 2010 378 2072 scilicet
402 2020 611 2092 comparatum.
654 2020 790 2073 ceterum
812 2030 868 2074 neo
895 2013 995 2090 ipsum
1022 2014 1089 2072 sine
1112 2012 1168 2071 acri

264 2101 375 2160 virtute
409 2103 545 2162 sentitur.
594 2119 631 2161 ex
658 2103 727 2162 vino
755 2099 821 2160 alho
851 2102 956 2160 tritum
988 2102 1019 2161 in
1050 2102 1168 2180 potione
1240 2100 1241 2161 l

187 2288 232 2354 (⁶f·
325 2295 458 2368 Thymum
487 2297 614 2352 virtutem
644 2295 725 2353 habet
752 2296 864 2353 calidam
890 2304 921 2351 ut
948 2312 1062 2371 ysopus.
1107 2294 1167 2353 cali·
1240 2272 1241 2319 Ῐ

156 2358 353 2453 Ami-gruem
375 2379 500 2451 discutit,
523 2379 671 2438 lumbricos
694 2382 773 2454 eicit,
796 2382 899 2437 urinam
921 2380 1076 2454 compellit,
1098 2396 1167 2436 men·

156 2429 341 2520 1¹3¹²3lstrua
369 2473 513 2538 provocat,
546 2464 633 2522 letum
661 2473 799 2522 mortuum
827 2465 944 2521 extrahit
971 2474 999 2521 et
1024 2464 1201 2526 secundas.ll

263 2547 351 2622 pulvis
374 2548 432 2604 eius
455 2565 487 2605 er
509 2550 571 2606 vino
599 2556 709 2624 potatus
813 2549 902 2624 pulvis
924 2550 984 2605 eius
1007 2566 1068 2606 cum
1091 2547 1166 2605 melle
1240 2570 1241 2575 ¹

263 2634 362 2688 mixtus
384 2634 482 2690 tussim
504 2633 585 2691 tollit.

228 2845 241 2892 1
261 2837 435 2908 Thy(i)mum
452 2839 542 2906 pald:
561 2855 605 2892 -us
623 2838 667 2892 rb.
684 2837 689 2905 Ι
705 2852 740 2891 ea
757 2851 816 2906 epo:
834 2836 903 2890 haec
920 2836 1050 2919 petuo).
1068 2837 1072 2904 Ι
1092 2835 1164 2889 recto

154 2910 228 2964 inter
245 2910 316 2964 haec
334 2910 380 2963 rh.
426 2915 441 2962 3
461 2909 604 2977 sumptum
623 2909 713 2977 gold:
733 2925 778 2962 -us
795 2908 840 2962 rh.
886 2913 905 2961 4
922 2905 1036 2976 inpellit
1048 2908 1108 2975 (sie)
1119 2919 1163 2975 pu.

204 2981 386 3039 aemorum
408 2981 506 3049 partus
528 2980 572 3034 rh.
599 2980 603 3047 Ι
632 2981 758 3034 mortuos
782 2980 823 3034 ld.
897 2983 990 3047 oaqq.
1013 2976 1096 3032 tritus

154 3049 1163 3120 dahas...tritns...impositus...mixtus...macerntne...

153 3121 263 3192 positus
282 3164 333 3179 ...
352 3121 484 3178 salutaris
498 3123 535 3177 rh
553 3123 661 3189 (contra
677 3122 775 3191 gold).
822 3127 856 3175 10
874 3118 997 3183 sciaticis
1014 3118 1161 3199 pallidi).

172 3215 173 3218 ¹
189 3200 223 3248 11
243 3195 395 3263 posuerunt
413 3195 525 3263 (poauei
546 3195 573 3262 c)
592 3194 659 3263 pol:
677 3209 720 3247 ·re
733 3193 779 3248 rh.
795 3194 800 3261 Ι
816 3208 850 3246 ex
863 3192 930 3260 gol:
949 3191 1024 3246 orb.
1072 3195 1104 3244 12
1116 3190 1162 3243 tn-

153 3263 216 3334 gori
243 3280 344 3318 canum
367 3265 411 3320 rh.
438 3267 442 3332 Ι
467 3263 621 3326 heraclium
647 3265 693 3334 gl,
721 3263 854 3318 eraclium
876 3280 893 3316 v
915 3261 1052 3331 (eradium
1073 3262 1126 3329 rb).

190 3341 222 3389 13
242 3333 318 3390 oniti
331 3349 383 3404 ge,
400 3335 498 3390 ouiten
512 3336 592 3404 iub,
603 3335 701 3396 ¹onitin
721 3335 786 3402 Pl).
801 3336 808 3406 1
822 3335 995 3390 vocaverunt
1012 3336 1049 3403 (d
1059 3333 1085 3402 o)
1096 3329 1159 3401 pol:

154 3422 195 3460 -re
213 3402 385 3474 rb.lvirtus
404 3407 463 3476 (sic)
480 3423 505 3461 c.
553 3412 587 3461 14
605 3407 659 3465 hoc
675 3407 741 3476 goi:
760 3421 811 3461 om.
826 3403 1030 3473 rhisetmum
1048 3405 1093 3460 est
1106 3419 1128 3456 c.
1142 3401 1158 3453 l.
1240 3464 1241 3479 χ

190 3481 223 3530 16
242 3477 388 3558 aliquanto
400 3493 452 3545 gc:
470 3476 623 3546 aliquando
641 3479 692 3546 ab,
710 3493 760 3532 om.
776 3477 793 3531 l.
849 3482 881 3531 17
900 3476 967 3542 vinc
985 3476 1060 3532 enim
1076 3491 1102 3535 a.
1116 3472 1157 3526 rb.

155 3547 274 3617 ltritum
291 3565 322 3601 ru
339 3561 390 3616 pe:
409 3547 507 3600 tritum
526 3549 555 3602 et
573 3546 603 3600 in
620 3549 707 3616 rh(l).
