2517 3925
526 178 747 243 -92-

264 351 369 418 topos.
397 346 428 405 in
452 343 518 405 cibo
541 342 637 405 datur.
674 358 766 402 sucus
783 348 869 402 rutae
893 339 980 400 tritae
1003 356 1041 400 ex
1063 345 1150 399 aceto

85 442 88 447 '
165 439 244 503 2435
264 436 324 503 (oen.
343 436 370 505 r)
397 432 558 495 instillatur
576 434 608 493 in
631 439 774 511 tempora.
810 427 1001 509 spondylium
1017 426 1151 488 iniundi·

278 533 369 596 nuel.
397 530 449 585 tur
475 522 574 601 capiti.
610 520 730 583 suffitus
756 518 840 580 lanae
868 517 989 579 sucidae
1015 514 1152 597 prodest

165 618 244 683 sopp
264 614 325 683 (mn.
344 615 370 682 r)
397 611 499 692 pulmo
521 609 647 690 pecudis
665 607 777 671 calidus
798 609 878 669 circa
896 613 987 686 caput
1004 604 1152 685 alligatur.

179 701 259 771 *'(⁰f·
278 704 371 770 30‚86)
398 700 483 781 adipe
506 699 589 779 gliris
611 698 742 759 frontem
762 697 864 758 liniet
886 695 1005 757 dormit.
1040 692 1179 775 peiiemt

161 790 241 859 *(cf.
262 792 372 861 mco)
398 790 435 851 de
463 789 564 869 lepore
595 786 662 848 albo
684 787 831 868 nescienti
859 783 914 845 suh
943 786 1039 863 capite
1061 800 1153 864 pone.

310 882 326 915 *
398 878 476 939 lauri
502 876 571 937 folia
598 877 657 938 tria
684 876 832 936 nescienti
854 872 911 935 sub
939 874 1035 953 capite
1063 873 1154 952 ponis
1245 869 1247 972 y

132 969 371 1040 (conmittens.)
399 974 430 1028 et
443 967 561 1028 dormit.
585 982 689 1027 semen
702 966 866 1045 papaveris,
886 979 990 1023 semen
1007 961 1154 1042 lactucae,

311 1060 327 1094 *
400 1055 531 1136 dactylos
554 1062 617 1116 tres
635 1057 667 1115 in
686 1068 762 1133 aqua
781 1054 885 1132 coquis
903 1050 940 1112 ad
958 1053 1076 1131 tertias,
1098 1050 1154 1110 das
1246 1049 1248 1198 Ι

311 1147 327 1182 *
399 1144 502 1205 hibere
526 1152 557 1205 et
579 1142 698 1204 dormit.
734 1142 857 1211 seminis
879 1140 1012 1202 lactucae
1035 1138 1154 1200 coclear
1168 1151 1196 1193 ιο
1246 1211 1247 1216 ¹

248 1226 371 1295 (0111Υῦ)
400 1232 555 1295 dimidium
573 1234 649 1293 teris
667 1249 737 1292 cum
750 1232 819 1291 vino
835 1238 866 1291 et
885 1247 976 1309 super
993 1226 1155 1290 imbricem
1246 1227 1249 1324 Ι

401 1325 508 1402 supino
530 1338 608 1402 ponc
633 1328 663 1381 et
685 1319 803 1381 dormit.
1247 1341 1248 1350 ¹

469 1470 545 1525 XX.
565 1468 621 1525 Ao
643 1468 827 1526 cerdieoos.

168 1584 171 1589 ’
285 1580 372 1644 noct.
468 1571 552 1650 Aqua
569 1574 655 1651 potui
672 1572 761 1633 datur
778 1572 811 1631 in
830 1587 887 1649 qua
901 1568 1003 1650 holera
1021 1568 1156 1631 discocta
1249 1585 1251 1662 g

268 1670 373 1732 eopse.
402 1668 473 1723 sum
499 1660 598 1722 addito
627 1660 696 1722 sale.
732 1668 801 1722 ruta
829 1678 866 1720 ex
894 1666 978 1720 aceto
1006 1665 1037 1720 et
1064 1656 1154 1719 melle

402 1767 472 1811 cum
503 1744 597 1811 farina
631 1748 798 1811 hordeacea
829 1749 943 1829 pectori
979 1749 1153 1827 imponitur.
1167 1758 1196 1802 ιδ

268 1848 374 1911 tonte.
402 1847 488 1900 rutae
516 1838 678 1901 fasciculus
699 1857 770 1900 cum
791 1840 907 1899 rosacio
930 1854 968 1897 ex
994 1843 1080 1898 aceto
1102 1835 1153 1899 de·

403 1929 543 2007 coquitur
566 1928 681 1992 adiecta
701 1928 781 1990 aloes
798 1928 887 1990 uncia
905 1944 977 1988 una:
999 1924 1030 1986 id
1053 1925 1156 1988 oleum

269 2026 375 2089 ronco.
401 2019 599 2097 perunctione
627 2018 768 2080 sudorem
800 2019 887 2080 sistit.
927 2015 1011 2076 radix
1038 2014 1154 2078 serulae

402 2124 440 2168 ex
463 2113 548 2168 aceto
568 2113 599 2167 et
616 2107 684 2167 oleo
701 2116 848 2186 peruncto
866 2104 1009 2167 sudorem
1029 2103 1155 2166 inhibet

287 2204 374 2268 11114.
402 2196 505 2257 vinum
517 2213 635 2257 merum
648 2197 679 2256 in
693 2197 816 2275 spongia
832 2195 996 2274 imponitur
1009 2208 1155 2254 mammae
1168 2207 1199 2250 eo

270 2293 375 2356 23,160.
403 2285 549 2345 sinistrae.
577 2286 666 2364 myrti
685 2302 788 2345 semen
808 2302 878 2344 cum
896 2281 1016 2362 polenta
1028 2300 1067 2344 cx
1084 2284 1155 2344 rino

270 2381 374 2444 24,118.
402 2373 567 2451 imponitur
589 2389 734 2433 mammae
752 2374 901 2434 sinistrae.
937 2369 1007 2432 folia
1028 2371 1099 2432 ruhi
1121 2372 1156 2432 in

403 2477 462 2539 quo
486 2478 569 2520 mora
592 2468 757 2522 nascuntur
775 2479 830 2542 per
853 2479 885 2521 se
903 2462 974 2520 trita
995 2461 1155 2540 imponun-

271 2557 375 2622 ttpeo.
403 2555 453 2610 tur
477 2548 572 2609 eidem
595 2567 749 2616 mammae.
786 2566 877 2611 sucus
900 2566 1054 2610 mororum
1076 2566 1155 2628 quae

270 2647 375 2710 tenco,
403 2638 434 2697 in
451 2634 529 2719 rubo
548 2646 714 2700 nascuntur
732 2640 816 2718 potui
835 2637 931 2698 datur.
964 2655 1075 2699 cornus
1089 2656 1154 2698 cer·
1169 2651 1197 2693 es

207 2824 322 2895 oglirir
340 2826 371 2880 ct:
395 2824 474 2895 grilis
492 2827 552 2896 (eir)
574 2844 605 2896 p,
629 2826 722 2910 grillis
740 2829 786 2884 rb.
806 2829 812 2896 Ι
831 2825 883 2882 lini
900 2827 973 2897 prb:
1001 2826 1068 2882 linis
1089 2827 1117 2883 d.

134 2897 1155 3052 ἓΡὲἒέἕῖἒᾏιέἑῗὶἔ’ἕψῃζέἓῖἰωθᾶιὲᾧῖἰῗπὲῗὶἓὲῒὲὶὸ.

171 3044 188 3092 9
212 3039 281 3094 tres:
303 3039 367 3106 fort.
391 3041 473 3094 teror.
495 3042 499 3109 Ι
523 3041 623 3096 tertios
641 3041 714 3110 pro:
739 3043 852 3097 tortium
870 3041 897 3095 d.
922 3041 928 3110 Ι
952 3040 1003 3094 dns
1024 3056 1056 3109 p:
1078 3039 1156 3095 ded

136 3107 282 3178 (dabisque
301 3110 358 3178 rb).
422 3117 456 3166 10
476 3110 578 3166 Samen
594 3112 644 3182 pti.
710 3116 742 3166 11
763 3113 793 3167 et
809 3110 1006 3181 perimbriccm
1022 3110 1156 3180 supinum

135 3183 307 3249 (supremum
325 3181 354 3248 d)
376 3182 418 3250 pa
441 3182 520 3264 (corr.
540 3184 605 3252 eqo).
670 3188 703 3236 11
722 3182 807 3238 uncie
826 3197 884 3237 uno
900 3182 950 3237 rba
977 3180 1062 3237 uncio
1079 3201 1108 3236 m
1127 3197 1155 3252 p,

135 3254 178 3318 τῷ.
197 3271 216 3306 1.
231 3251 251 3306 d
269 3249 378 3318 (addite
390 3268 474 3308 unere
488 3252 565 3308 aloes
581 3253 639 3322 Pi.)
689 3259 722 3310 18
736 3253 887 3322 punctione
899 3268 927 3323 9,
945 3268 992 3308 -ne
1005 3254 1054 3320 (1-1
1070 3252 1155 3307 oudo·

134 3337 195 3376 rem
218 3320 366 3377 sistitom.
389 3324 434 3391 ud
462 3322 502 3390 (in
524 3323 580 3380 olei
604 3342 634 3394 p.
658 3324 788 3380 sudorem
815 3323 891 3380 sistit
912 3325 948 3379 rb
971 3323 1007 3391 of.
1027 3323 1094 3393 Pe).

135 3398 169 3448 19
195 3393 330 3463 peruncto
357 3394 436 3464 (dot.)
454 3395 486 3448 de
513 3396 648 3463 punctore
671 3411 703 3466 9,
725 3393 908 3465 perunctione
930 3396 966 3451 rb
990 3395 1065 3464 (fort.
1089 3410 1156 3464 per·

134 3464 301 3590 ppctorumi.
357 3470 535 3589 20Pupamme
563 3465 615 3522 sin.
643 3466 798 3537 imponitur
819 3467 847 3522 d.
902 3472 934 3520 21
958 3465 1059 3536 Myrtis
1078 3466 1106 3520 d.

194 3551 300 3590 cerum
322 3550 373 3591 om.
437 3577 443 3590 .
