2517 3925
481 162 724 229 „156-

205 332 269 387 tur:
307 325 474 389 nudationes
506 326 591 407 iacit,
622 324 726 390 oculos
757 321 890 403 hebetat,
926 320 1115 384 stomachum

101 407 146 463 Pl·
153 411 206 478 (²0,
215 413 318 496 laedit,
337 416 418 479 sitim
436 416 538 494 giguit
566 411 618 474 sed
637 421 721 478 recte
738 411 855 475 Plinius
874 418 978 475 noster
997 410 1115 492 adiecit,

108 481 198 564 214⁷)
205 504 356 585 copiosius
374 510 522 582 sumptus.
552 502 634 565 uude
651 508 775 583 apparet
792 500 867 568 haec
884 502 984 564 emnia
1001 500 1118 563 frustra

206 590 348 674 adscribi,
371 594 397 653 si
420 591 542 671 modum
564 598 731 671 temperare
754 584 936 668 nescimus>

116 548 186 605 uba?

132 745 160 798 Ρ
161 746 178 799 ²·
272 756 382 817 XXH.
405 758 453 813 De
477 756 595 815 ocimo.

108 820 195 883 20’48'
273 874 315 935 Dc
342 877 453 937 virtute
481 876 569 935 ocimi
595 892 689 954 pones
712 872 844 935 modicos
871 874 972 952 opinio
998 874 1114 942 ineerta
1128 882 1148 923 ὁ

207 972 261 1025 est.
297 980 365 1025 nam
393 965 446 1042 qui
468 970 591 1025 auctore
612 962 777 1043 Chrysippo
805 962 1015 1042 criminamur,
1040 960 1115 1021 haec

207 1054 271 1113 eiras
302 1054 372 1113 vitia
403 1058 596 1132 percensent,
632 1051 712 1131 quod
745 1051 784 1113 sit
815 1050 966 1111 stormciro
997 1049 1115 1130 inutile,

206 1140 286 1220 qrrnd
313 1139 417 1203 oculos
444 1139 578 1221 hebetet,
609 1139 690 1219 quod
717 1140 862 1200 insaniam
889 1138 991 1221 iaciat,
1020 1140 1116 1201 iecori

206 1228 343 1291 obsistat:
366 1236 397 1289 et
414 1229 481 1289 ideo
496 1246 615 1308 capram
634 1246 729 1308 genus
747 1228 805 1289 hoc·
822 1226 932 1288 herbae
951 1245 1116 1307 numquam

207 1320 327 1381 omnino
350 1320 531 1397 contingere.
569 1317 683 1379 addunt
705 1325 873 1398 praeterea,
896 1318 923 1377 si
944 1315 1161 1377 tritonia-1⁰

206 1406 275 1487 pide
302 1413 479 1486 contegatur
505 1407 679 1486 scorpiones
707 1406 803 1486 gigni,
836 1405 1115 1466 commanducatum

207 1496 293 1555 etin
314 1494 377 1555 sole
403 1496 535 1574 positum
558 1512 677 1555 vermes
703 1512 824 1576 creare,
849 1493 1004 1573 pediculos
1025 1496 1117 1554 etiam

206 1584 331 1644 nutrire.
367 1582 446 1643 diris
472 1590 579 1663 putant
605 1583 663 1646 hoc
685 1601 754 1645 erse
779 1600 970 1665 persuasum,
998 1584 1115 1662 siquis

207 1689 243 1733 eo
266 1671 314 1732 die
337 1689 399 1751 quo
420 1674 549 1733 ocimum
572 1674 735 1752 sumpserit
757 1690 774 1732 a
795 1673 955 1751 scorpione
981 1672 1116 1752 feriatur,

206 1778 268 1820 non
289 1778 377 1839 posse
395 1760 510 1821 salvari
546 1760 598 1821 sed
622 1763 674 1839 qni
696 1762 729 1821 in
750 1760 869 1821 diversa
885 1762 1025 1841 opinione
1043 1768 1116 1823 sunt
1129 1766 1161 1809 re
1257 1747 1258 1750 ’

205 1848 281 1910 haee
303 1849 376 1911 falso
399 1850 509 1911 tradita
530 1850 714 1911 adseverant
750 1850 824 1928 quin
846 1851 938 1912 immo
960 1847 1114 1910 stomacho

205 1936 329 2019 prodest
365 1938 443 2018 quod
480 1937 649 2000 inflationes
680 1940 745 1999 eins
781 1938 948 2000 ructuando
980 1937 1116 2000 dissolvit

207 2133 318 2208 pulvere
341 2135 500 2209 sanguinem
522 2135 667 2192 reicientes
681 2142 768 2196 curat.
799 2133 866 2192 tolia
886 2135 945 2192 eius
968 2133 1114 2191 tritarum

208 2217 265 2274 sale
287 2218 399 2276 vulnera
420 2220 572 2276 recentiora
596 2227 701 2280 curant.
737 2219 912 2279 sumendus
934 2219 1029 2276 tritum
1051 2233 1115 2275 cunr

207 2303 269 2360 vinc
291 2310 403 2376 potatur
417 2310 514 2360 contra
535 2303 685 2378 iungorum
705 2303 932 2378 prostrationes
962 2303 1034 2365 cocti
1054 2309 1114 2360 stc·
1127 2317 1160 2360 ro

206 2386 302 2442 macho
324 2386 421 2459 utiles,
442 2387 520 2446 crudi
541 2387 682 2446 utentibus
704 2386 814 2448 ndum.

178 2592 192 2641 1
214 2585 329 2643 oebeiot
347 2587 454 2656 (ebetat
468 2591 558 2658 core).
575 2591 579 2658 Ι
595 2589 778 2645 Estomoonm
797 2592 854 2646 eod.
905 2587 1119 2658 splenium

100 2673 170 2714 corr.
190 2659 248 2714 cod.
303 2665 318 2713 3
337 2661 449 2714 murati
468 2661 526 2716 cod.
544 2660 651 2729 (sumtu
669 2664 758 2730 corr).
779 2664 785 2730 Ι
808 2661 899 2716 busta
918 2659 1053 2716 adiscribi
1072 2658 1115 2714 in·

100 2729 202 2784 obmod
221 2730 278 2785 cod.
339 2735 435 2785 5-16
459 2747 509 2787 om.
529 2731 556 2786 d.
618 2731 908 2801 bopinio—anctore
930 2747 982 2788 om.
999 2748 1024 2787 r.
1044 2732 1049 2797 Ι
1072 2730 1116 2786 in-

100 2801 178 2854 certo
196 2802 239 2855 esi
261 2799 356 2870 opinio
375 2802 400 2857 b.
469 2802 553 2873 tiqui
570 2803 638 2872 pol:
670 2819 721 2857 cm.
745 2804 769 2857 b.
791 2807 795 2871 Ι
820 2802 963 2873 chrisippo
980 2818 1031 2873 po,
1055 2817 1116 2871 cry·

100 2869 179 2940 cippo
199 2870 216 2927 l.
234 2873 238 2940 Ι
259 2874 344 2942 atque
364 2871 424 2928 eina
441 2872 512 2929 haec
529 2891 555 2928 v.
574 2892 602 2943 p.
620 2891 643 2930 r.
660 2876 664 2943 Ι
684 2873 755 2929 haec
772 2891 823 2930 err.
841 2890 866 2931 v.
921 2874 1120 2943 ipmcerseni

99 2943 160 3011 (sic)
180 2959 203 2996 n.
226 2943 230 3010 Ι
255 2943 332 3011 qnod
355 2943 393 2999 rit
415 2961 436 3000 a
455 2943 557 3000 inutile
578 2944 645 3013 pol:
673 2944 748 3013 qnod
771 2944 848 3001 obsit
868 2944 1016 3002 stomacho
1033 2944 1079 3000 rb.

99 3011 235 3068 dhebet&
245 3011 362 3084 (temp,
371 3014 504 3085 ebeteil).
519 3015 661 3085 qnodpol.
670 3015 674 3086 Ι
683 3013 844 3086 donatori:
854 3014 1116 3087 mutrbdieenrip.

135 3089 151 3137 9
169 3082 292 3138 obsistat
308 3086 374 3154 pot:
398 3085 512 3142 obsistit
532 3086 578 3140 rb.
639 3092 673 3140 Η
691 3085 751 3141 sole
768 3087 834 3156 pot:
857 3086 916 3143 saie
932 3087 978 3142 rb.
1000 3089 1004 3154 Ι
1028 3085 1116 3156 pedu-

99 3153 178 3209 culos
199 3169 223 3208 r.
288 3160 323 3210 13
345 3155 420 3211 Afris
443 3155 539 3226 (Affris
557 3157 578 3226 ΙΙ
598 3158 704 3240 putant
719 3157 773 3214 hoo
790 3158 857 3226 poi:
879 3157 986 3227 Aphris
1003 3173 1117 3227 quoqne

101 3224 155 3279 hoc
172 3226 334 3294 pntantrb.
372 3232 406 3281 15
421 3228 563 3297 suntpol:
583 3229 697 3286 arnirb.
730 3229 914 3285 incidissetis
933 3227 1063 3284 Ocimnm
1079 3229 1116 3285 st

98 3313 140 3364 pr.
158 3300 206 3376 do.
227 3297 231 3364 Ι
256 3296 471 3378 qoin'immo-
482 3297 615 3354 dissoluit
628 3301 696 3368 pol:
722 3300 792 3369 quin
808 3300 866 3355 imo
884 3298 1043 3356 inflationes
1059 3299 1116 3358 sto·

99 3365 196 3420 machi
211 3370 294 3421 ructu
312 3366 440 3424 drosolvit
463 3371 586 3437 (coctum
608 3386 675 3426 cnm
689 3373 785 3437 aceto,
808 3374 839 3426 si
854 3371 997 3441 sumptum
1014 3387 1037 3426 r.
1055 3371 1118 3438 ere.)

98 3435 232 3579 rhodi
252 3437 341 3576 (ὲποῗε
351 3438 427 3563 lappis
445 3441 470 3496 d.
487 3442 493 3510 Ι
512 3441 650 3499 ructando
666 3441 751 3496 solvit
768 3443 795 3497 d.
811 3443 816 3510 Ι
835 3441 973 3499 diuolvia
998 3439 1116 3498 cocum

97 3521 136 3574 po
202 3549 208 3561 .
231 3523 259 3564 se
296 3523 331 3562 c.
390 3525 428 3566 ut.
