2517 3925
419 178 732 242 ·-1tt-

172 336 220 389 De
241 334 424 399 sisymbrio.
721 392 728 407 ,
1003 336 1120 405 (tiross-

169 435 347 513 Sisymhrium
368 438 498 494 virtutem
519 435 601 495 habet
621 427 760 494 calidum(
781 454 875 495 semen
897 407 1106 533 eius'eximgd·

102 520 168 579 vino
185 529 286 597 potum
308 518 483 579 difficultates
504 522 598 578 urinae
622 520 883 599 circumunge,
905 523 1011 599 singul·
1021 520 1119 619 ΛΜ)
1205 543 1209 547 ·

103 614 163 663 tum
185 615 213 664 et
233 607 371 664 tortiones
393 606 584 665 intestinorum
605 605 691 664 sedet.
731 604 798 664 iolla
819 609 877 665 eins
899 608 964 665 mu
985 614 1013 666 et
1044 637 1075 691 D

102 690 190 749 fronti
204 688 247 748 vel
269 688 437 765 temporibus
451 692 570 767 inposita
589 688 712 749 dolorem
728 692 825 767 cupitis
839 691 1013 767 extinguunt,
1022 682 1110 779 215‘4,

75 784 202 833 econtra
228 776 300 832 lotus
320 789 464 851 vesparum
489 774 534 832 vel
560 776 650 850 epium
677 782 805 852 prosunt.
842 783 924 835 sucus
951 779 1011 835 eius

102 868 189 935 potus
210 860 342 917 uomitum
364 861 514 935 restringit.

478 976 639 987 -—-—.-

171 1046 220 1101 De
237 1047 413 1111 portulaca
430 1044 602 1115 (porcellccc
621 1044 687 1115 Pu).
1029 1048 1089 1117 (43)

168 1148 314 1207 Portuleea
340 1161 436 1213 recens
460 1148 606 1225 refrigerat
634 1144 776 1227 [calefacta
797 1164 862 1207 vero
889 1148 1013 1209 rueram
1042 1154 1082 1210 D.

104 1241 133 1291 et
148 1227 322 1311 refrigerat}
351 1232 385 1290 cd
400 1233 543 1291 oculorum
564 1240 688 1292 tumores
710 1234 774 1291 trita
797 1251 858 1293 cum
879 1250 950 1311 pane
970 1235 1013 1293 ln·
1022 1229 1110 1292 2,150.
1189 1312 1191 1316 y

102 1318 218 1395 ponitur
236 1324 265 1375 et
286 1317 442 1394 podagricis
464 1318 546 1375 simili
568 1318 651 1375 modo
673 1319 809 1377 medetur.

170 1507 219 1561 De
237 1505 373 1562 escum.
539 1444 543 1451 ·
1032 1510 1088 1578 (44)

62 1622 91 1665 so
167 1603 274 1665 Esearin
301 1608 430 1665 virtutem
457 1606 539 1665 habet
565 1606 691 1674 medendi
717 1608 842 1666 omnihus
869 1605 1111 1673 doloribusimdet

102 1694 218 1751 internis
246 1692 352 1767 hepatis
379 1701 407 1750 et
434 1692 577 1752 stomachi.
615 1709 698 1750 sucus
726 1694 784 1749 eius
812 1709 873 1750 oum
900 1692 1012 1769 pulvere

102 1778 207 1854 piperis
228 1778 287 1834 triti
306 1778 385 1852 potui
406 1775 494 1837 datur.
530 1776 656 1835 similiter
677 1784 705 1834 et
726 1777 783 1834 ictu
804 1776 896 1834 laesis.

173 1965 220 2018 De
239 1963 412 2018 abroteno.
1032 1963 1088 2031 (to)

168 2067 335 2126 Abrotonum
357 2068 487 2124 virtutem
512 2064 594 2123 hebet
620 2063 744 2122 caldum.
778 2064 844 2123 lolia
866 2066 927 2122 eius
948 2067 1014 2123 trita
1044 2067 1082 2123 D.

106 2167 167 2212 curu
189 2151 265 2210 mulis
287 2150 417 2226 cydoneis
439 2157 515 2208 cocta
530 2149 675 2208 oculorum
690 2157 811 2208 tumores
827 2157 931 2208 curcul„
966 2151 1013 2207 tri·
1030 2143 1102 2207 322⁶·

62 2246 90 2288 15
105 2244 164 2294 tum
180 2244 208 2293 et
222 2244 331 2294 coctum
345 2252 407 2293 cum
419 2232 529 2310 'polline
549 2233 702 2292 hordeaceo
723 2232 883 2291 furunculos
898 2235 1013 2310 spargit.

104 2336 199 2378 semen
221 2321 280 2378 eius
302 2320 460 2395 suspiriosis
481 2313 655 2395 (prodest),
678 2319 818 2376 urinarum
839 2316 1013 2376 difficultates

105 2405 198 2467 solvit.
233 2412 329 2463 contra
350 2405 524 2479 scorpionum
552 2405 624 2460 lctus
645 2420 708 2461 oum
730 2402 793 2461 rino
822 2411 943 2479 potatur,
980 2418 1013 2460 ex

103 2491 168 2548 vino
190 2497 286 2566 potum
308 2495 447 2550 menstrua
469 2495 608 2564 provocat.
1032 2506 1034 2509 ·

480 2613 641 2692 *ua-*-

122 2649 130 2662 Ι
173 2686 221 2740 Dc
237 2698 456 2750 pencgorccc.
1029 2679 1090 2750 (tc)

171 2787 342 2864 Punugoruce
364 2789 508 2856 enucleam
530 2788 659 2844 virtutem
681 2784 763 2842 habet
782 2784 811 2840 id
826 2789 870 2841 eet
891 2781 1115 2843 calidummmdo?

60 2880 90 2922 2⁰
104 2871 171 2931 iolla
195 2874 253 2930 eius
276 2873 304 2930 iu
325 2873 412 2930 mulso
434 2879 512 2930 cocta
525 2879 590 2946 pota
612 2867 791 2928 tussientibus
813 2874 939 2944 prosunt.
971 2883 1015 2925 se·

104 2973 170 3014 men
197 2958 255 3015 elus
283 2959 377 3014 tritum
402 2971 463 3016 cum
491 2957 586 3032 pipere
608 2971 641 3012 ex
662 2955 749 3015 mulsa
775 2961 872 3030 potum
893 2959 1016 3010 uentrem

105 3049 135 3098 ot
158 3042 261 3099 urinum
284 3049 426 3100 monetet
447 3040 565 3100 calculos
587 3039 616 3098 ln
638 3042 727 3097 resim
747 3038 863 3114 inungit.

480 3177 642 3188 -ι--ι-ι-σ-

174 3211 222 3264 De
240 3212 362 3276 ulpino.
1036 3205 1092 3277 (⁶⁸)

171 3313 297 3390 Ulpieum
322 3312 507 3390 indigestibile
535 3320 586 3370 est.
633 3327 696 3370 cum
723 3309 788 3368 uino
815 3311 910 3368 tritum
938 3309 1119 3384 puniceae?

107 3399 202 3457 datum
223 3397 365 3458 calculosis
386 3397 510 3476 prodest.

162 3633 230 3674 minti
244 3632 339 3676 iunioris
351 3632 468 3674 medicine„
930 3615 964 3666 12
