<?xml version="1.0" encoding="UTF-8"?>
<!DOCTYPE html PUBLIC "-//W3C//DTD XHTML 1.0 Transitional//EN"
    "http://www.w3.org/TR/xhtml1/DTD/xhtml1-transitional.dtd">
<html xmlns="http://www.w3.org/1999/xhtml" xml:lang="en" lang="en">
 <head>
  <title>
</title>
<meta http-equiv="Content-Type" content="text/html;charset=utf-8" />
  <meta name='ocr-system' content='tesseract 3.04.00' />
  <meta name='ocr-capabilities' content='ocr_page ocr_carea ocr_par ocr_line ocrx_word'/>
</head>
<body>
  <div class='ocr_page' id='page_1' title='image "./pliniisecundiqu00rosegoog_0171.png"; bbox 0 0 2517 3925; ppageno 0'>
   <div class='ocr_carea' id='block_1_1' title="bbox 525 151 769 216">
    <p class='ocr_par' dir='ltr' id='par_1_1' title="bbox 525 151 769 216">
     <span class='ocr_line' id='line_1_1' title="bbox 525 151 769 216; baseline 0.004 -1"><span class='ocrx_word' id='word_1_1' title='bbox 525 151 769 216; x_wconf 76' lang='lat'>-166—</span> 
     </span>
    </p>
   </div>
   <div class='ocr_carea' id='block_1_2' title="bbox 250 312 1240 800">
    <p class='ocr_par' dir='ltr' id='par_1_2' title="bbox 250 312 1240 800">
     <span class='ocr_line' id='line_1_2' title="bbox 250 312 1239 398; baseline -0.003 -23"><span class='ocrx_word' id='word_1_2' title='bbox 250 332 390 376; x_wconf 88' lang='lat' dir='ltr'><strong>mensura</strong></span> <span class='ocrx_word' id='word_1_3' title='bbox 412 313 571 376; x_wconf 80' lang='lat' dir='ltr'><strong>concludit.</strong></span> <span class='ocrx_word' id='word_1_4' title='bbox 612 314 646 375; x_wconf 82' lang='lat' dir='ltr'><strong>ut</strong></span> <span class='ocrx_word' id='word_1_5' title='bbox 668 332 706 375; x_wconf 80' lang='lat' dir='ltr'><strong>ex</strong></span> <span class='ocrx_word' id='word_1_6' title='bbox 733 314 828 393; x_wconf 83' lang='lat' dir='ltr'>sinapi</span> <span class='ocrx_word' id='word_1_7' title='bbox 855 312 954 373; x_wconf 91' lang='lat' dir='ltr'><strong>oleum</strong></span> <span class='ocrx_word' id='word_1_8' title='bbox 977 314 1090 373; x_wconf 89' lang='lat' dir='ltr'><strong>semine</strong></span> <span class='ocrx_word' id='word_1_9' title='bbox 1114 314 1159 373; x_wconf 92' lang='lat' dir='ltr'><strong>in-</strong></span> <span class='ocrx_word' id='word_1_10' title='bbox 1238 391 1239 398; x_wconf 6' lang='grc' dir='ltr'>ἵ</span> 
     </span>
     <span class='ocr_line' id='line_1_3' title="bbox 250 399 1239 485; baseline -0.001 -20"><span class='ocrx_word' id='word_1_11' title='bbox 250 406 330 485; x_wconf 84' lang='lat' dir='ltr'><strong>l&#39;uso,</strong></span> <span class='ocrx_word' id='word_1_12' title='bbox 370 403 541 465; x_wconf 89' lang='lat' dir='ltr'><strong>lumborum</strong></span> <span class='ocrx_word' id='word_1_13' title='bbox 577 401 730 463; x_wconf 90' lang='lat' dir='ltr'><strong>doloribus</strong></span> <span class='ocrx_word' id='word_1_14' title='bbox 767 409 796 463; x_wconf 92' lang='lat' dir='ltr'><strong>et</strong></span> <span class='ocrx_word' id='word_1_15' title='bbox 833 402 933 462; x_wconf 87' lang='lat' dir='ltr'><strong>nervis</strong></span> <span class='ocrx_word' id='word_1_16' title='bbox 968 399 1160 481; x_wconf 78' lang='lat' dir='ltr'><strong>torpentibus</strong></span> <span class='ocrx_word' id='word_1_17' title='bbox 1238 425 1239 428; x_wconf 44' lang='lat'>¹</span> 
     </span>
     <span class='ocr_line' id='line_1_4' title="bbox 250 510 1240 800; baseline 0 -247"><span class='ocrx_word' id='word_1_18' title='bbox 250 510 462 554; x_wconf 75' lang='lat' dir='ltr'><strong>necessarlum.</strong></span> <span class='ocrx_word' id='word_1_19' title='bbox 1234 528 1240 800; x_wconf 69' lang='lat' dir='ltr'><strong>p</strong></span> 
     </span>
    </p>
   </div>
   <div class='ocr_carea' id='block_1_3' title="bbox 159 683 709 751">
    <p class='ocr_par' dir='ltr' id='par_1_3' title="bbox 159 683 709 751">
     <span class='ocr_line' id='line_1_5' title="bbox 159 683 709 751; baseline 0.029 -16"><span class='ocrx_word' id='word_1_20' title='bbox 159 683 236 737; x_wconf 76' lang='lat' dir='ltr'><strong>Plio.</strong></span> <span class='ocrx_word' id='word_1_21' title='bbox 318 694 425 751; x_wconf 79' lang='lat' dir='ltr'><strong>xxx.</strong></span> <span class='ocrx_word' id='word_1_22' title='bbox 456 695 506 749; x_wconf 82' lang='lat' dir='ltr'><strong>De</strong></span> <span class='ocrx_word' id='word_1_23' title='bbox 529 692 709 749; x_wconf 75' lang='lat' dir='ltr'><strong>cauliculo.</strong></span> 
     </span>
    </p>
   </div>
   <div class='ocr_carea' id='block_1_4' title="bbox 153 760 1240 834">
    <p class='ocr_par' dir='ltr' id='par_1_4' title="bbox 153 760 1240 834">
     <span class='ocr_line' id='line_1_6' title="bbox 153 760 1240 834; baseline 0 -27"><span class='ocrx_word' id='word_1_24' title='bbox 153 760 240 821; x_wconf 71' lang='lat' dir='ltr'><strong>soca.</strong></span> <span class='ocrx_word' id='word_1_25' title='bbox 1238 803 1240 834; x_wconf 70' lang='lat'>‚</span> 
     </span>
    </p>
   </div>
   <div class='ocr_carea' id='block_1_5' title="bbox 189 810 1240 2239">
    <p class='ocr_par' dir='ltr' id='par_1_5' title="bbox 189 810 1240 2239">
     <span class='ocr_line' id='line_1_7' title="bbox 318 810 1240 891; baseline -0.001 -19"><span class='ocrx_word' id='word_1_26' title='bbox 318 810 390 873; x_wconf 82' lang='lat' dir='ltr'><strong>Cato</strong></span> <span class='ocrx_word' id='word_1_27' title='bbox 422 813 513 873; x_wconf 84' lang='lat' dir='ltr'><strong>tradit</strong></span> <span class='ocrx_word' id='word_1_28' title='bbox 544 812 688 891; x_wconf 91' lang='lat' dir='ltr'><strong>populum</strong></span> <span class='ocrx_word' id='word_1_29' title='bbox 726 829 882 873; x_wconf 87' lang='lat' dir='ltr'><strong>romanum</strong></span> <span class='ocrx_word' id='word_1_30' title='bbox 913 812 1062 873; x_wconf 83' lang='lat' dir='ltr'><strong>sexcentis</strong></span> <span class='ocrx_word' id='word_1_31' title='bbox 1097 812 1161 871; x_wconf 87' lang='lat' dir='ltr'><strong>iere</strong></span> <span class='ocrx_word' id='word_1_32' title='bbox 1237 865 1240 872; x_wconf 83' lang='grc'>,</span> 
     </span>
     <span class='ocr_line' id='line_1_8' title="bbox 189 899 1184 971; baseline -0.002 -9"><span class='ocrx_word' id='word_1_33' title='bbox 189 908 204 940; x_wconf 77' lang='grc'><strong>*</strong></span> <span class='ocrx_word' id='word_1_34' title='bbox 250 903 334 971; x_wconf 86' lang='lat' dir='ltr'><strong>annis</strong></span> <span class='ocrx_word' id='word_1_35' title='bbox 363 902 509 963; x_wconf 90' lang='lat' dir='ltr'><strong>medicina</strong></span> <span class='ocrx_word' id='word_1_36' title='bbox 536 899 685 962; x_wconf 78' lang='lat' dir='ltr'><strong>brassicae</strong></span> <span class='ocrx_word' id='word_1_37' title='bbox 718 920 815 964; x_wconf 89' lang='lat' dir='ltr'><strong>usum.</strong></span> <span class='ocrx_word' id='word_1_38' title='bbox 856 902 989 962; x_wconf 91' lang='lat' dir='ltr'><strong>noudum</strong></span> <span class='ocrx_word' id='word_1_39' title='bbox 1016 902 1100 962; x_wconf 91' lang='lat' dir='ltr'><strong>enim</strong></span> <span class='ocrx_word' id='word_1_40' title='bbox 1130 902 1184 960; x_wconf 74' lang='lat' dir='ltr'><strong>int</strong></span> 
     </span>
     <span class='ocr_line' id='line_1_9' title="bbox 249 988 1240 1073; baseline -0.002 -22"><span class='ocrx_word' id='word_1_41' title='bbox 249 990 355 1052; x_wconf 91' lang='lat' dir='ltr'><strong>urbem</strong></span> <span class='ocrx_word' id='word_1_42' title='bbox 378 998 614 1052; x_wconf 79' lang='lat' dir='ltr'><strong>commeaverant</strong></span> <span class='ocrx_word' id='word_1_43' title='bbox 637 990 758 1073; x_wconf 90' lang='lat' dir='ltr'><strong>medici,</strong></span> <span class='ocrx_word' id='word_1_44' title='bbox 785 992 837 1071; x_wconf 87' lang='lat' dir='ltr'><strong>qui</strong></span> <span class='ocrx_word' id='word_1_45' title='bbox 864 993 895 1051; x_wconf 90' lang='lat' dir='ltr'><strong>in</strong></span> <span class='ocrx_word' id='word_1_46' title='bbox 918 998 1013 1052; x_wconf 92' lang='lat' dir='ltr'><strong>artem</strong></span> <span class='ocrx_word' id='word_1_47' title='bbox 1035 988 1160 1069; x_wconf 85' lang='lat' dir='ltr'><strong>redege·</strong></span> <span class='ocrx_word' id='word_1_48' title='bbox 1238 1058 1240 1062; x_wconf 14' lang='lat'><em>7</em></span> 
     </span>
     <span class='ocr_line' id='line_1_10' title="bbox 248 1080 1240 1159; baseline -0.002 -19"><span class='ocrx_word' id='word_1_49' title='bbox 248 1087 321 1141; x_wconf 88' lang='lat' dir='ltr'><strong>runt</strong></span> <span class='ocrx_word' id='word_1_50' title='bbox 343 1080 590 1159; x_wconf 85' lang='lat' dir='ltr'><strong>quemadmodum</strong></span> <span class='ocrx_word' id='word_1_51' title='bbox 611 1098 718 1159; x_wconf 83' lang='lat' dir='ltr'><strong>magno</strong></span> <span class='ocrx_word' id='word_1_52' title='bbox 739 1082 850 1140; x_wconf 86' lang='lat' dir='ltr'><strong>sanitas</strong></span> <span class='ocrx_word' id='word_1_53' title='bbox 873 1086 1002 1159; x_wconf 86' lang='lat' dir='ltr'><strong>constet,</strong></span> <span class='ocrx_word' id='word_1_54' title='bbox 1024 1085 1054 1139; x_wconf 93' lang='lat' dir='ltr'><strong>et</strong></span> <span class='ocrx_word' id='word_1_55' title='bbox 1073 1096 1161 1158; x_wconf 90' lang='lat' dir='ltr'><strong>pere·</strong></span> <span class='ocrx_word' id='word_1_56' title='bbox 1238 1126 1240 1148; x_wconf 59' lang='lat'><strong>,</strong></span> 
     </span>
     <span class='ocr_line' id='line_1_11' title="bbox 249 1163 1240 1249; baseline -0.002 -20"><span class='ocrx_word' id='word_1_57' title='bbox 249 1172 334 1248; x_wconf 81' lang='lat' dir='ltr'><strong>grina</strong></span> <span class='ocrx_word' id='word_1_58' title='bbox 356 1168 506 1249; x_wconf 83' lang='lat' dir='ltr'><strong>pigmenta</strong></span> <span class='ocrx_word' id='word_1_59' title='bbox 530 1187 633 1230; x_wconf 91' lang='lat' dir='ltr'><strong>secum</strong></span> <span class='ocrx_word' id='word_1_60' title='bbox 656 1169 820 1231; x_wconf 88' lang='lat' dir='ltr'><strong>attuierunt</strong></span> <span class='ocrx_word' id='word_1_61' title='bbox 843 1176 877 1229; x_wconf 90' lang='lat' dir='ltr'><strong>ut</strong></span> <span class='ocrx_word' id='word_1_62' title='bbox 898 1168 957 1229; x_wconf 89' lang='lat' dir='ltr'><strong>illis</strong></span> <span class='ocrx_word' id='word_1_63' title='bbox 979 1170 1161 1247; x_wconf 87' lang='lat' dir='ltr'><strong>inponerent</strong></span> <span class='ocrx_word' id='word_1_64' title='bbox 1238 1163 1240 1182; x_wconf 79' lang='lat'>²</span> 
     </span>
     <span class='ocr_line' id='line_1_12' title="bbox 248 1189 1240 1337; baseline -0.003 -19"><span class='ocrx_word' id='word_1_65' title='bbox 248 1260 345 1337; x_wconf 89' lang='lat' dir='ltr'><strong>pretia</strong></span> <span class='ocrx_word' id='word_1_66' title='bbox 368 1276 444 1337; x_wconf 87' lang='lat' dir='ltr'><strong>quae</strong></span> <span class='ocrx_word' id='word_1_67' title='bbox 468 1257 585 1319; x_wconf 82' lang='lat' dir='ltr'><strong>vellent.</strong></span> <span class='ocrx_word' id='word_1_68' title='bbox 622 1266 756 1321; x_wconf 89' lang='lat' dir='ltr'><strong>ceterum</strong></span> <span class='ocrx_word' id='word_1_69' title='bbox 774 1257 917 1319; x_wconf 90' lang='lat' dir='ltr'><strong>militares</strong></span> <span class='ocrx_word' id='word_1_70' title='bbox 935 1259 992 1318; x_wconf 87' lang='lat' dir='ltr'><strong>viri</strong></span> <span class='ocrx_word' id='word_1_71' title='bbox 1014 1256 1161 1335; x_wconf 85' lang='lat' dir='ltr'><strong>gloriosas</strong></span> <span class='ocrx_word' id='word_1_72' title='bbox 1238 1189 1240 1335; x_wconf 73' lang='grc' dir='ltr'>Ι</span> 
     </span>
     <span class='ocr_line' id='line_1_13' title="bbox 250 1345 1196 1426; baseline -0.003 -19"><span class='ocrx_word' id='word_1_73' title='bbox 250 1349 405 1407; x_wconf 86' lang='lat' dir='ltr'><strong>cicatrices</strong></span> <span class='ocrx_word' id='word_1_74' title='bbox 428 1349 556 1425; x_wconf 83' lang='lat' dir='ltr'><strong>gratuito</strong></span> <span class='ocrx_word' id='word_1_75' title='bbox 580 1345 681 1407; x_wconf 89' lang='lat' dir='ltr'><strong>holere</strong></span> <span class='ocrx_word' id='word_1_76' title='bbox 700 1346 858 1426; x_wconf 89' lang='lat' dir='ltr'><strong>curabant,</strong></span> <span class='ocrx_word' id='word_1_77' title='bbox 880 1346 985 1407; x_wconf 90' lang='lat' dir='ltr'><strong>codem</strong></span> <span class='ocrx_word' id='word_1_78' title='bbox 1004 1345 1095 1406; x_wconf 91' lang='lat' dir='ltr'><strong>horto</strong></span> <span class='ocrx_word' id='word_1_79' title='bbox 1114 1345 1196 1405; x_wconf 87' lang='lat' dir='ltr'><strong>usi1⁰</strong></span> 
     </span>
     <span class='ocr_line' id='line_1_14' title="bbox 250 1434 1161 1517; baseline -0.002 -22"><span class='ocrx_word' id='word_1_80' title='bbox 250 1435 446 1495; x_wconf 86' lang='lat' dir='ltr'><strong>adsalutem:</strong></span> <span class='ocrx_word' id='word_1_81' title='bbox 469 1434 539 1495; x_wconf 91' lang='lat' dir='ltr'><strong>dum</strong></span> <span class='ocrx_word' id='word_1_82' title='bbox 558 1435 624 1495; x_wconf 88' lang='lat' dir='ltr'><strong>iilos</strong></span> <span class='ocrx_word' id='word_1_83' title='bbox 646 1438 753 1517; x_wconf 90' lang='lat' dir='ltr'><strong>pascit,</strong></span> <span class='ocrx_word' id='word_1_84' title='bbox 777 1444 806 1496; x_wconf 91' lang='lat' dir='ltr'><strong>et</strong></span> <span class='ocrx_word' id='word_1_85' title='bbox 821 1443 913 1496; x_wconf 90' lang='lat' dir='ltr'><strong>sanat.</strong></span> <span class='ocrx_word' id='word_1_86' title='bbox 940 1453 1047 1515; x_wconf 90' lang='lat' dir='ltr'><strong>ponam</strong></span> <span class='ocrx_word' id='word_1_87' title='bbox 1060 1436 1161 1514; x_wconf 91' lang='lat' dir='ltr'><strong>primo</strong></span> 
     </span>
     <span class='ocr_line' id='line_1_15' title="bbox 250 1521 1160 1604; baseline 0 -21"><span class='ocrx_word' id='word_1_88' title='bbox 250 1526 282 1583; x_wconf 87' lang='lat' dir='ltr'><strong>in</strong></span> <span class='ocrx_word' id='word_1_89' title='bbox 305 1523 369 1583; x_wconf 90' lang='lat' dir='ltr'><strong>loco</strong></span> <span class='ocrx_word' id='word_1_90' title='bbox 393 1521 642 1584; x_wconf 87' lang='lat' dir='ltr'><strong>medicamentum</strong></span> <span class='ocrx_word' id='word_1_91' title='bbox 665 1542 699 1584; x_wconf 92' lang='lat' dir='ltr'><strong>re</strong></span> <span class='ocrx_word' id='word_1_92' title='bbox 723 1542 792 1584; x_wconf 89' lang='lat' dir='ltr'><strong>vera</strong></span> <span class='ocrx_word' id='word_1_93' title='bbox 814 1527 855 1585; x_wconf 90' lang='lat' dir='ltr'><strong>ita</strong></span> <span class='ocrx_word' id='word_1_94' title='bbox 878 1523 1089 1604; x_wconf 88' lang='lat' dir='ltr'><strong>appellandum</strong></span> <span class='ocrx_word' id='word_1_95' title='bbox 1109 1522 1160 1583; x_wconf 86' lang='lat' dir='ltr'><strong>Ca-</strong></span> 
     </span>
     <span class='ocr_line' id='line_1_16' title="bbox 250 1611 1160 1693; baseline 0.001 -22"><span class='ocrx_word' id='word_1_96' title='bbox 250 1613 329 1672; x_wconf 89' lang='lat' dir='ltr'><strong>tonis</strong></span> <span class='ocrx_word' id='word_1_97' title='bbox 344 1611 523 1693; x_wconf 82' lang='lat' dir='ltr'><strong>antidotum,</strong></span> <span class='ocrx_word' id='word_1_98' title='bbox 546 1611 625 1691; x_wconf 90' lang='lat' dir='ltr'><strong>quod</strong></span> <span class='ocrx_word' id='word_1_99' title='bbox 645 1611 695 1673; x_wconf 88' lang='lat' dir='ltr'><strong>ilie</strong></span> <span class='ocrx_word' id='word_1_100' title='bbox 714 1632 751 1686; x_wconf 83' lang='lat' dir='ltr'><strong>ex</strong></span> <span class='ocrx_word' id='word_1_101' title='bbox 770 1612 901 1674; x_wconf 90' lang='lat' dir='ltr'><strong>brassica</strong></span> <span class='ocrx_word' id='word_1_102' title='bbox 920 1612 1160 1693; x_wconf 88' lang='lat' dir='ltr'><strong>componendum</strong></span> 
     </span>
     <span class='ocr_line' id='line_1_17' title="bbox 249 1700 1160 1783; baseline -0.001 -22"><span class='ocrx_word' id='word_1_103' title='bbox 249 1703 364 1780; x_wconf 84' lang='lat' dir='ltr'><strong>putavit</strong></span> <span class='ocrx_word' id='word_1_104' title='bbox 391 1700 486 1761; x_wconf 91' lang='lat' dir='ltr'><strong>dolori</strong></span> <span class='ocrx_word' id='word_1_105' title='bbox 514 1703 632 1783; x_wconf 90' lang='lat' dir='ltr'><strong>capitis,</strong></span> <span class='ocrx_word' id='word_1_106' title='bbox 664 1701 820 1763; x_wconf 88' lang='lat' dir='ltr'><strong>oculorum</strong></span> <span class='ocrx_word' id='word_1_107' title='bbox 847 1702 978 1782; x_wconf 86' lang='lat' dir='ltr'><strong>caligini,</strong></span> <span class='ocrx_word' id='word_1_108' title='bbox 1006 1700 1160 1761; x_wconf 87' lang='lat' dir='ltr'><strong>stomacho</strong></span> 
     </span>
     <span class='ocr_line' id='line_1_18' title="bbox 251 1789 1192 1870; baseline -0.002 -21"><span class='ocrx_word' id='word_1_109' title='bbox 251 1797 281 1851; x_wconf 88' lang='lat' dir='ltr'><strong>ct</strong></span> <span class='ocrx_word' id='word_1_110' title='bbox 308 1789 491 1869; x_wconf 88' lang='lat' dir='ltr'><strong>praecordiis</strong></span> <span class='ocrx_word' id='word_1_111' title='bbox 517 1791 718 1870; x_wconf 89' lang='lat' dir='ltr'><strong>profuturum.</strong></span> <span class='ocrx_word' id='word_1_112' title='bbox 760 1791 883 1852; x_wconf 89' lang='lat' dir='ltr'><strong>crudam</strong></span> <span class='ocrx_word' id='word_1_113' title='bbox 911 1809 979 1851; x_wconf 87' lang='lat' dir='ltr'><strong>curn</strong></span> <span class='ocrx_word' id='word_1_114' title='bbox 1007 1789 1192 1852; x_wconf 76' lang='lat' dir='ltr'><strong>coliandro1⁵</strong></span> 
     </span>
     <span class='ocr_line' id='line_1_19' title="bbox 251 1879 1160 1942; baseline -0.002 -3"><span class='ocrx_word' id='word_1_115' title='bbox 251 1886 281 1939; x_wconf 91' lang='lat' dir='ltr'><strong>et</strong></span> <span class='ocrx_word' id='word_1_116' title='bbox 308 1887 375 1940; x_wconf 87' lang='lat' dir='ltr'><strong>ruta</strong></span> <span class='ocrx_word' id='word_1_117' title='bbox 403 1887 433 1940; x_wconf 89' lang='lat' dir='ltr'><strong>et</strong></span> <span class='ocrx_word' id='word_1_118' title='bbox 460 1888 560 1941; x_wconf 90' lang='lat' dir='ltr'><strong>menta</strong></span> <span class='ocrx_word' id='word_1_119' title='bbox 590 1888 620 1942; x_wconf 87' lang='lat' dir='ltr'><strong>et</strong></span> <span class='ocrx_word' id='word_1_120' title='bbox 649 1880 789 1941; x_wconf 90' lang='lat' dir='ltr'><strong>radiculis</strong></span> <span class='ocrx_word' id='word_1_121' title='bbox 821 1879 926 1940; x_wconf 90' lang='lat' dir='ltr'><strong>laseris</strong></span> <span class='ocrx_word' id='word_1_122' title='bbox 954 1898 990 1940; x_wconf 83' lang='lat' dir='ltr'><strong>ex</strong></span> <span class='ocrx_word' id='word_1_123' title='bbox 1018 1887 1105 1940; x_wconf 87' lang='lat' dir='ltr'><strong>aceto</strong></span> <span class='ocrx_word' id='word_1_124' title='bbox 1133 1885 1160 1938; x_wconf 91' lang='lat' dir='ltr'><strong>et</strong></span> 
     </span>
     <span class='ocr_line' id='line_1_20' title="bbox 251 1968 1159 2031; baseline -0.001 -3"><span class='ocrx_word' id='word_1_125' title='bbox 251 1968 337 2028; x_wconf 87' lang='lat' dir='ltr'><strong>melle</strong></span> <span class='ocrx_word' id='word_1_126' title='bbox 366 1972 482 2030; x_wconf 91' lang='lat' dir='ltr'><strong>conteri</strong></span> <span class='ocrx_word' id='word_1_127' title='bbox 508 1969 592 2031; x_wconf 91' lang='lat' dir='ltr'><strong>iubet</strong></span> <span class='ocrx_word' id='word_1_128' title='bbox 620 1989 654 2030; x_wconf 91' lang='lat' dir='ltr'><strong>ac</strong></span> <span class='ocrx_word' id='word_1_129' title='bbox 682 1987 767 2031; x_wconf 90' lang='lat' dir='ltr'><strong>mane</strong></span> <span class='ocrx_word' id='word_1_130' title='bbox 798 1971 906 2030; x_wconf 91' lang='lat' dir='ltr'><strong>ieiunis</strong></span> <span class='ocrx_word' id='word_1_131' title='bbox 936 1969 1064 2030; x_wconf 88' lang='lat' dir='ltr'><strong>duorum</strong></span> <span class='ocrx_word' id='word_1_132' title='bbox 1098 1987 1159 2029; x_wconf 89' lang='lat' dir='ltr'><strong>ace·</strong></span> 
     </span>
     <span class='ocr_line' id='line_1_21' title="bbox 251 2054 1166 2138; baseline -0.002 -21"><span class='ocrx_word' id='word_1_133' title='bbox 251 2057 420 2118; x_wconf 78' lang='lat' dir='ltr'><strong>tabidorum</strong></span> <span class='ocrx_word' id='word_1_134' title='bbox 440 2077 580 2125; x_wconf 86' lang='lat' dir='ltr'><strong>mensura</strong></span> <span class='ocrx_word' id='word_1_135' title='bbox 597 2060 759 2138; x_wconf 89' lang='lat' dir='ltr'><strong>propinari.</strong></span> <span class='ocrx_word' id='word_1_136' title='bbox 795 2065 931 2119; x_wconf 91' lang='lat' dir='ltr'><strong>ceterum</strong></span> <span class='ocrx_word' id='word_1_137' title='bbox 952 2058 1086 2119; x_wconf 89' lang='lat' dir='ltr'><strong>brassica</strong></span> <span class='ocrx_word' id='word_1_138' title='bbox 1106 2054 1166 2117; x_wconf 82' lang='lat' dir='ltr'><strong>boc&#39;</strong></span> 
     </span>
     <span class='ocr_line' id='line_1_22' title="bbox 251 2145 1240 2239; baseline -0.003 -31"><span class='ocrx_word' id='word_1_139' title='bbox 251 2145 338 2208; x_wconf 93' lang='lat' dir='ltr'><strong>modo</strong></span> <span class='ocrx_word' id='word_1_140' title='bbox 359 2157 457 2208; x_wconf 88' lang='lat' dir='ltr'><strong>curat:</strong></span> <span class='ocrx_word' id='word_1_141' title='bbox 480 2146 653 2208; x_wconf 90' lang='lat' dir='ltr'><strong>vulneribus</strong></span> <span class='ocrx_word' id='word_1_142' title='bbox 671 2167 731 2209; x_wconf 90' lang='lat' dir='ltr'><strong>non</strong></span> <span class='ocrx_word' id='word_1_143' title='bbox 748 2147 847 2218; x_wconf 53' lang='lat' dir='ltr'><strong>,sotum</strong></span> <span class='ocrx_word' id='word_1_144' title='bbox 864 2147 1037 2209; x_wconf 88' lang='lat' dir='ltr'><strong>recentibus</strong></span> <span class='ocrx_word' id='word_1_145' title='bbox 1056 2163 1160 2208; x_wconf 87' lang='lat' dir='ltr'><strong>verum</strong></span> <span class='ocrx_word' id='word_1_146' title='bbox 1238 2226 1240 2239; x_wconf 40' lang='grc' dir='ltr'>Ι</span> 
     </span>
    </p>
   </div>
   <div class='ocr_carea' id='block_1_6' title="bbox 253 2319 466 2329">
    <p class='ocr_par' dir='ltr' id='par_1_6' title="bbox 253 2319 466 2329">
     <span class='ocr_line' id='line_1_23' title="bbox 253 2319 466 2329; baseline 0.005 -1"><span class='ocrx_word' id='word_1_147' title='bbox 253 2319 466 2329; x_wconf 52' lang='lat' dir='ltr'><strong>-m-——n-</strong></span> 
     </span>
    </p>
   </div>
   <div class='ocr_carea' id='block_1_7' title="bbox 171 2371 1240 2791">
    <p class='ocr_par' dir='ltr' id='par_1_7' title="bbox 171 2371 1240 2791">
     <span class='ocr_line' id='line_1_24' title="bbox 171 2371 1240 2454; baseline -0.006 -20"><span class='ocrx_word' id='word_1_148' title='bbox 171 2381 226 2449; x_wconf 73' lang='lat'>(62)</span> <span class='ocrx_word' id='word_1_149' title='bbox 316 2377 414 2451; x_wconf 90' lang='lat' dir='ltr'><strong>Sinape</strong></span> <span class='ocrx_word' id='word_1_150' title='bbox 430 2377 544 2434; x_wconf 88' lang='lat' dir='ltr'><strong>calidum</strong></span> <span class='ocrx_word' id='word_1_151' title='bbox 561 2385 604 2434; x_wconf 89' lang='lat' dir='ltr'><strong>est</strong></span> <span class='ocrx_word' id='word_1_152' title='bbox 619 2386 648 2434; x_wconf 91' lang='lat' dir='ltr'><strong>et</strong></span> <span class='ocrx_word' id='word_1_153' title='bbox 667 2381 803 2452; x_wconf 80' lang='lat' dir='ltr'><strong>egeritur,</strong></span> <span class='ocrx_word' id='word_1_154' title='bbox 827 2374 874 2434; x_wconf 84' lang='lat' dir='ltr'><strong>aed</strong></span> <span class='ocrx_word' id='word_1_155' title='bbox 897 2371 992 2454; x_wconf 83' lang='lat' dir='ltr'><strong>&lt;boc&gt;</strong></span> <span class='ocrx_word' id='word_1_156' title='bbox 1015 2377 1157 2450; x_wconf 80' lang='lat' dir='ltr'><strong>restringit</strong></span> <span class='ocrx_word' id='word_1_157' title='bbox 1172 2382 1194 2420; x_wconf 76' lang='lat'><strong>2⁰</strong></span> <span class='ocrx_word' id='word_1_158' title='bbox 1238 2392 1240 2415; x_wconf 68' lang='grc' dir='ltr'><strong>ι</strong></span> 
     </span>
     <span class='ocr_line' id='line_1_25' title="bbox 253 2462 1240 2527; baseline -0.002 -10"><span class='ocrx_word' id='word_1_159' title='bbox 253 2462 368 2517; x_wconf 89' lang='lat' dir='ltr'><strong>urinam.</strong></span> <span class='ocrx_word' id='word_1_160' title='bbox 405 2477 500 2518; x_wconf 88' lang='lat' dir='ltr'><strong>semen</strong></span> <span class='ocrx_word' id='word_1_161' title='bbox 523 2463 579 2518; x_wconf 87' lang='lat' dir='ltr'><strong>eius</strong></span> <span class='ocrx_word' id='word_1_162' title='bbox 605 2463 697 2519; x_wconf 90' lang='lat' dir='ltr'><strong>tritum</strong></span> <span class='ocrx_word' id='word_1_163' title='bbox 720 2479 781 2519; x_wconf 91' lang='lat' dir='ltr'><strong>cum</strong></span> <span class='ocrx_word' id='word_1_164' title='bbox 804 2462 883 2519; x_wconf 87' lang='lat' dir='ltr'><strong>melle</strong></span> <span class='ocrx_word' id='word_1_165' title='bbox 905 2471 933 2519; x_wconf 90' lang='lat' dir='ltr'><strong>et</strong></span> <span class='ocrx_word' id='word_1_166' title='bbox 948 2471 1024 2518; x_wconf 88' lang='lat' dir='ltr'><strong>aceto</strong></span> <span class='ocrx_word' id='word_1_167' title='bbox 1047 2464 1159 2518; x_wconf 80' lang='lat' dir='ltr'><strong>mixtum</strong></span> <span class='ocrx_word' id='word_1_168' title='bbox 1238 2516 1240 2527; x_wconf 23' lang='grc' dir='ltr'>Ε</span> 
     </span>
     <span class='ocr_line' id='line_1_26' title="bbox 253 2536 1240 2621; baseline -0.001 -20"><span class='ocrx_word' id='word_1_169' title='bbox 253 2553 334 2618; x_wconf 92' lang='lat' dir='ltr'><strong>caput</strong></span> <span class='ocrx_word' id='word_1_170' title='bbox 348 2553 448 2620; x_wconf 79' lang='lat' dir='ltr'><strong>purgat</strong></span> <span class='ocrx_word' id='word_1_171' title='bbox 463 2548 671 2621; x_wconf 80' lang='lat' dir='ltr'><strong>gargarizatum.</strong></span> <span class='ocrx_word' id='word_1_172' title='bbox 699 2548 840 2603; x_wconf 89' lang='lat' dir='ltr'><strong>stomacho</strong></span> <span class='ocrx_word' id='word_1_173' title='bbox 856 2547 1021 2604; x_wconf 89' lang='lat' dir='ltr'><strong>contrarium</strong></span> <span class='ocrx_word' id='word_1_174' title='bbox 1036 2547 1158 2612; x_wconf 84' lang='lat' dir='ltr'><strong>crudum,</strong></span> <span class='ocrx_word' id='word_1_175' title='bbox 1238 2536 1240 2556; x_wconf 92' lang='lat'>&#39;</span> 
     </span>
     <span class='ocr_line' id='line_1_27' title="bbox 253 2630 1158 2701; baseline -0.003 -15"><span class='ocrx_word' id='word_1_176' title='bbox 253 2636 361 2688; x_wconf 90' lang='lat' dir='ltr'><strong>coctum</strong></span> <span class='ocrx_word' id='word_1_177' title='bbox 384 2647 445 2701; x_wconf 80' lang='lat' dir='ltr'><strong>cunr</strong></span> <span class='ocrx_word' id='word_1_178' title='bbox 468 2630 542 2688; x_wconf 84' lang='lat' dir='ltr'><strong>olere</strong></span> <span class='ocrx_word' id='word_1_179' title='bbox 564 2632 637 2688; x_wconf 87' lang='lat' dir='ltr'><strong>iuvat</strong></span> <span class='ocrx_word' id='word_1_180' title='bbox 652 2632 830 2688; x_wconf 89' lang='lat' dir='ltr'><strong>stomachum.</strong></span> <span class='ocrx_word' id='word_1_181' title='bbox 869 2647 961 2688; x_wconf 90' lang='lat' dir='ltr'><strong>semen</strong></span> <span class='ocrx_word' id='word_1_182' title='bbox 983 2631 1042 2687; x_wconf 88' lang='lat' dir='ltr'><strong>cius</strong></span> <span class='ocrx_word' id='word_1_183' title='bbox 1064 2632 1158 2688; x_wconf 88' lang='lat' dir='ltr'><strong>tritum</strong></span> 
     </span>
     <span class='ocr_line' id='line_1_28' title="bbox 253 2717 896 2791; baseline 0.002 -21"><span class='ocrx_word' id='word_1_184' title='bbox 253 2731 313 2771; x_wconf 87' lang='lat' dir='ltr'><strong>cum</strong></span> <span class='ocrx_word' id='word_1_185' title='bbox 337 2722 414 2771; x_wconf 86' lang='lat' dir='ltr'><strong>aceto</strong></span> <span class='ocrx_word' id='word_1_186' title='bbox 437 2717 604 2790; x_wconf 87' lang='lat' dir='ltr'><strong>serpentium</strong></span> <span class='ocrx_word' id='word_1_187' title='bbox 627 2717 738 2772; x_wconf 90' lang='lat' dir='ltr'><strong>vulnera</strong></span> <span class='ocrx_word' id='word_1_188' title='bbox 760 2724 846 2773; x_wconf 88' lang='lat' dir='ltr'><strong>curat.</strong></span> <span class='ocrx_word' id='word_1_189' title='bbox 884 2775 896 2791; x_wconf 31' lang='grc' dir='ltr'><strong>ᾗ</strong></span> 
     </span>
    </p>
   </div>
   <div class='ocr_carea' id='block_1_8' title="bbox 236 2833 466 2843">
    <p class='ocr_par' dir='ltr' id='par_1_8' title="bbox 236 2833 466 2843">
     <span class='ocr_line' id='line_1_29' title="bbox 236 2833 466 2843; baseline 0.009 -2"><span class='ocrx_word' id='word_1_190' title='bbox 236 2833 466 2843; x_wconf 44' lang='lat' dir='ltr'><strong>rw*</strong></span> 
     </span>
    </p>
   </div>
   <div class='ocr_carea' id='block_1_9' title="bbox 130 2932 1240 3575">
    <p class='ocr_par' dir='ltr' id='par_1_9' title="bbox 130 2932 1158 3289">
     <span class='ocr_line' id='line_1_30' title="bbox 218 2932 1158 3006; baseline -0.003 -18"><span class='ocrx_word' id='word_1_191' title='bbox 218 2941 232 2988; x_wconf 88' lang='lat'>1</span> <span class='ocrx_word' id='word_1_192' title='bbox 252 2934 352 3006; x_wconf 82' lang='lat' dir='ltr'><strong>Fitque</strong></span> <span class='ocrx_word' id='word_1_193' title='bbox 370 2937 415 2993; x_wconf 81' lang='lat' dir='ltr'><strong>rb.</strong></span> <span class='ocrx_word' id='word_1_194' title='bbox 437 2938 441 3005; x_wconf 83' lang='grc' dir='ltr'>Ι</span> <span class='ocrx_word' id='word_1_195' title='bbox 467 2935 558 3005; x_wconf 86' lang='lat' dir='ltr'><strong>sinapi</strong></span> <span class='ocrx_word' id='word_1_196' title='bbox 576 2937 625 2991; x_wconf 85' lang='lat' dir='ltr'><strong>rb:</strong></span> <span class='ocrx_word' id='word_1_197' title='bbox 652 2935 749 3006; x_wconf 83' lang='lat' dir='ltr'><strong>sinape</strong></span> <span class='ocrx_word' id='word_1_198' title='bbox 768 2937 832 3006; x_wconf 81' lang='lat' dir='ltr'><strong>(bic)</strong></span> <span class='ocrx_word' id='word_1_199' title='bbox 846 2951 898 3006; x_wconf 79' lang='grc' dir='ltr'><strong>θυ,</strong></span> <span class='ocrx_word' id='word_1_200' title='bbox 918 2933 1032 3006; x_wconf 79' lang='lat' dir='ltr'><strong>synapis</strong></span> <span class='ocrx_word' id='word_1_201' title='bbox 1050 2935 1068 2988; x_wconf 86' lang='lat' dir='ltr'><strong>t.</strong></span> <span class='ocrx_word' id='word_1_202' title='bbox 1089 2937 1094 3005; x_wconf 88' lang='grc' dir='ltr'>Ι</span> <span class='ocrx_word' id='word_1_203' title='bbox 1117 2932 1158 2985; x_wconf 90' lang='lat' dir='ltr'><strong>in-</strong></span> 
     </span>
     <span class='ocr_line' id='line_1_31' title="bbox 145 3005 1157 3076; baseline 0 -19"><span class='ocrx_word' id='word_1_204' title='bbox 145 3005 237 3058; x_wconf 86' lang='lat' dir='ltr'><strong>fusum</strong></span> <span class='ocrx_word' id='word_1_205' title='bbox 256 3007 274 3061; x_wconf 84' lang='lat' dir='ltr'><strong>l.</strong></span> <span class='ocrx_word' id='word_1_206' title='bbox 329 3013 346 3060; x_wconf 81' lang='lat'>4</span> <span class='ocrx_word' id='word_1_207' title='bbox 365 3007 498 3062; x_wconf 81' lang='lat' dir='ltr'><strong>sescentis</strong></span> <span class='ocrx_word' id='word_1_208' title='bbox 516 3009 556 3061; x_wconf 86' lang='lat' dir='ltr'><strong>ol.</strong></span> <span class='ocrx_word' id='word_1_209' title='bbox 608 3013 624 3062; x_wconf 88' lang='grc'>6</span> <span class='ocrx_word' id='word_1_210' title='bbox 643 3007 741 3061; x_wconf 88' lang='lat' dir='ltr'><strong>urbem</strong></span> <span class='ocrx_word' id='word_1_211' title='bbox 759 3007 897 3062; x_wconf 80' lang='lat' dir='ltr'><strong>rb:.urbe</strong></span> <span class='ocrx_word' id='word_1_212' title='bbox 914 3009 976 3076; x_wconf 78' lang='grc' dir='ltr'><em>θθῑ.</em></span> <span class='ocrx_word' id='word_1_213' title='bbox 997 3008 1002 3075; x_wconf 88' lang='grc' dir='ltr'>Ι</span> <span class='ocrx_word' id='word_1_214' title='bbox 1022 3019 1157 3060; x_wconf 87' lang='lat' dir='ltr'><strong>commea·</strong></span> 
     </span>
     <span class='ocr_line' id='line_1_32' title="bbox 145 3072 1155 3147; baseline 0.003 -19"><span class='ocrx_word' id='word_1_215' title='bbox 145 3078 244 3130; x_wconf 85' lang='lat' dir='ltr'><strong>verant</strong></span> <span class='ocrx_word' id='word_1_216' title='bbox 266 3078 371 3147; x_wconf 81' lang='lat' dir='ltr'><strong>o(rb):</strong></span> <span class='ocrx_word' id='word_1_217' title='bbox 400 3080 662 3134; x_wconf 78' lang='lat' dir='ltr'><strong>commoveavemnt</strong></span> <span class='ocrx_word' id='word_1_218' title='bbox 685 3079 707 3146; x_wconf 86' lang='lat' dir='ltr'><strong>l,</strong></span> <span class='ocrx_word' id='word_1_219' title='bbox 739 3084 916 3136; x_wconf 69' lang='lat' dir='ltr'><strong>commeares</strong></span> <span class='ocrx_word' id='word_1_220' title='bbox 941 3077 1084 3146; x_wconf 82' lang='lat' dir='ltr'><strong>(-vernnt)</strong></span> <span class='ocrx_word' id='word_1_221' title='bbox 1105 3090 1131 3144; x_wconf 89' lang='grc' dir='ltr'><strong>θ.</strong></span> <span class='ocrx_word' id='word_1_222' title='bbox 1151 3072 1155 3142; x_wconf 74' lang='grc' dir='ltr'>Ι</span> 
     </span>
     <span class='ocr_line' id='line_1_33' title="bbox 145 3148 1156 3227; baseline -0.001 -29"><span class='ocrx_word' id='word_1_223' title='bbox 145 3148 235 3200; x_wconf 83' lang='lat' dir='ltr'><strong>artem</strong></span> <span class='ocrx_word' id='word_1_224' title='bbox 253 3149 302 3202; x_wconf 83' lang='lat' dir='ltr'><strong>rb:</strong></span> <span class='ocrx_word' id='word_1_225' title='bbox 326 3150 386 3202; x_wconf 84' lang='lat' dir='ltr'><strong>arte</strong></span> <span class='ocrx_word' id='word_1_226' title='bbox 404 3151 465 3219; x_wconf 80' lang='grc' dir='ltr'><em>θυῑ.</em></span> <span class='ocrx_word' id='word_1_227' title='bbox 488 3150 492 3216; x_wconf 86' lang='grc' dir='ltr'>Ι</span> <span class='ocrx_word' id='word_1_228' title='bbox 516 3149 660 3204; x_wconf 75' lang='lat' dir='ltr'><strong>redierunt</strong></span> <span class='ocrx_word' id='word_1_229' title='bbox 677 3150 695 3204; x_wconf 80' lang='lat' dir='ltr'><strong>i.</strong></span> <span class='ocrx_word' id='word_1_230' title='bbox 755 3150 928 3227; x_wconf 42' lang='lat' dir='ltr'><strong>inagna-i.</strong></span> <span class='ocrx_word' id='word_1_231' title='bbox 984 3155 1000 3203; x_wconf 89' lang='lat'><em>8</em></span> <span class='ocrx_word' id='word_1_232' title='bbox 1019 3166 1046 3218; x_wconf 91' lang='lat' dir='ltr'><strong>p.</strong></span> <span class='ocrx_word' id='word_1_233' title='bbox 1065 3161 1156 3203; x_wconf 87' lang='lat' dir='ltr'><strong>secum</strong></span> 
     </span>
     <span class='ocr_line' id='line_1_34' title="bbox 130 3216 1153 3289; baseline -0.006 -16"><span class='ocrx_word' id='word_1_234' title='bbox 130 3217 291 3286; x_wconf 66' lang='lat' dir='ltr'><strong>„pigmenta</strong></span> <span class='ocrx_word' id='word_1_235' title='bbox 308 3220 352 3272; x_wconf 87' lang='lat' dir='ltr'><strong>rb.</strong></span> <span class='ocrx_word' id='word_1_236' title='bbox 413 3226 447 3276; x_wconf 91' lang='lat'><strong>10</strong></span> <span class='ocrx_word' id='word_1_237' title='bbox 465 3220 548 3275; x_wconf 78' lang='lat' dir='ltr'><strong>horto</strong></span> <span class='ocrx_word' id='word_1_238' title='bbox 566 3221 640 3288; x_wconf 78' lang='lat' dir='ltr'><strong>(orbo</strong></span> <span class='ocrx_word' id='word_1_239' title='bbox 658 3222 685 3289; x_wconf 93' lang='grc' dir='ltr'><strong>θ)</strong></span> <span class='ocrx_word' id='word_1_240' title='bbox 709 3219 754 3274; x_wconf 87' lang='lat' dir='ltr'><strong>usi</strong></span> <span class='ocrx_word' id='word_1_241' title='bbox 770 3221 838 3289; x_wconf 71' lang='lat' dir='ltr'><strong>poia</strong></span> <span class='ocrx_word' id='word_1_242' title='bbox 861 3223 943 3276; x_wconf 76' lang='lat' dir='ltr'><strong>horto</strong></span> <span class='ocrx_word' id='word_1_243' title='bbox 967 3218 1096 3276; x_wconf 71' lang='lat' dir='ltr'><strong>cunensi</strong></span> <span class='ocrx_word' id='word_1_244' title='bbox 1111 3216 1153 3270; x_wconf 86' lang='lat' dir='ltr'><strong>rb.</strong></span> 
     </span>
    </p>

    <p class='ocr_par' dir='ltr' id='par_1_10' title="bbox 141 3289 1240 3575">
     <span class='ocr_line' id='line_1_35' title="bbox 184 3289 1155 3367; baseline 0.002 -27"><span class='ocrx_word' id='word_1_245' title='bbox 184 3294 217 3341; x_wconf 82' lang='grc'><strong>14</strong></span> <span class='ocrx_word' id='word_1_246' title='bbox 236 3289 338 3358; x_wconf 82' lang='lat' dir='ltr'><strong>cepitis</strong></span> <span class='ocrx_word' id='word_1_247' title='bbox 357 3290 447 3346; x_wconf 89' lang='lat' dir='ltr'><strong>dolori</strong></span> <span class='ocrx_word' id='word_1_248' title='bbox 464 3293 509 3347; x_wconf 87' lang='lat' dir='ltr'><strong>rb.</strong></span> <span class='ocrx_word' id='word_1_249' title='bbox 564 3296 598 3346; x_wconf 88' lang='lat'><strong>15</strong></span> <span class='ocrx_word' id='word_1_250' title='bbox 617 3291 762 3346; x_wconf 85' lang='lat' dir='ltr'><strong>coliandro</strong></span> <span class='ocrx_word' id='word_1_251' title='bbox 779 3294 846 3361; x_wconf 74' lang='lat' dir='ltr'><strong>pol:</strong></span> <span class='ocrx_word' id='word_1_252' title='bbox 865 3291 1011 3347; x_wconf 78' lang='lat' dir='ltr'><strong>coriandro</strong></span> <span class='ocrx_word' id='word_1_253' title='bbox 1029 3291 1066 3344; x_wconf 74' lang='lat' dir='ltr'><strong>ab</strong></span> <span class='ocrx_word' id='word_1_254' title='bbox 1085 3289 1155 3367; x_wconf 72' lang='lat' dir='ltr'><strong>(desp</strong></span> 
     </span>
     <span class='ocr_line' id='line_1_36' title="bbox 141 3362 1154 3432; baseline -0.002 -19"><span class='ocrx_word' id='word_1_255' title='bbox 141 3375 173 3427; x_wconf 84' lang='lat' dir='ltr'><strong>p.</strong></span> <span class='ocrx_word' id='word_1_256' title='bbox 194 3363 292 3428; x_wconf 67' lang='lat' dir='ltr'><strong>ltttp).</strong></span> <span class='ocrx_word' id='word_1_257' title='bbox 362 3367 394 3416; x_wconf 84' lang='grc'><strong>16</strong></span> <span class='ocrx_word' id='word_1_258' title='bbox 416 3362 513 3416; x_wconf 84' lang='lat' dir='ltr'><strong>laseris</strong></span> <span class='ocrx_word' id='word_1_259' title='bbox 535 3363 601 3432; x_wconf 76' lang='grc' dir='ltr'><strong>θυῖε</strong></span> <span class='ocrx_word' id='word_1_260' title='bbox 624 3362 738 3418; x_wconf 84' lang='lat' dir='ltr'><strong>lasseris</strong></span> <span class='ocrx_word' id='word_1_261' title='bbox 757 3364 796 3431; x_wconf 67' lang='lat' dir='ltr'><strong>l0,</strong></span> <span class='ocrx_word' id='word_1_262' title='bbox 819 3363 917 3418; x_wconf 69' lang='lat' dir='ltr'><strong>imanis</strong></span> <span class='ocrx_word' id='word_1_263' title='bbox 936 3363 981 3417; x_wconf 79' lang='lat' dir='ltr'><strong>rb.</strong></span> <span class='ocrx_word' id='word_1_264' title='bbox 1051 3366 1082 3415; x_wconf 78' lang='lat'><strong>17</strong></span> <span class='ocrx_word' id='word_1_265' title='bbox 1101 3373 1154 3413; x_wconf 79' lang='lat' dir='ltr'><strong>au-</strong></span> 
     </span>
     <span class='ocr_line' id='line_1_37' title="bbox 147 3389 1240 3507; baseline 0.003 -25"><span class='ocrx_word' id='word_1_266' title='bbox 147 3430 306 3486; x_wconf 83' lang='lat' dir='ltr'><strong>tnbulornm</strong></span> <span class='ocrx_word' id='word_1_267' title='bbox 326 3433 343 3485; x_wconf 80' lang='lat' dir='ltr'><strong>l.</strong></span> <span class='ocrx_word' id='word_1_268' title='bbox 404 3437 437 3488; x_wconf 89' lang='lat'><strong>18</strong></span> <span class='ocrx_word' id='word_1_269' title='bbox 457 3434 581 3488; x_wconf 76' lang='lat' dir='ltr'><strong>ceterum</strong></span> <span class='ocrx_word' id='word_1_270' title='bbox 598 3435 681 3507; x_wconf 72' lang='lat' dir='ltr'><strong>pub:¹</strong></span> <span class='ocrx_word' id='word_1_271' title='bbox 701 3432 852 3489; x_wconf 72' lang='lat' dir='ltr'><strong>cerebrum</strong></span> <span class='ocrx_word' id='word_1_272' title='bbox 870 3436 894 3501; x_wconf 85' lang='lat' dir='ltr'><strong>l,</strong></span> <span class='ocrx_word' id='word_1_273' title='bbox 916 3433 959 3489; x_wconf 89' lang='lat' dir='ltr'><strong>De</strong></span> <span class='ocrx_word' id='word_1_274' title='bbox 978 3434 1072 3506; x_wconf 66' lang='lat' dir='ltr'><strong>cetero</strong></span> <span class='ocrx_word' id='word_1_275' title='bbox 1088 3447 1111 3486; x_wconf 84' lang='lat' dir='ltr'><strong>r.</strong></span> <span class='ocrx_word' id='word_1_276' title='bbox 1238 3389 1240 3473; x_wconf 63' lang='lat' dir='ltr'><strong>b</strong></span> 
     </span>
     <span class='ocr_line' id='line_1_38' title="bbox 148 3504 925 3575; baseline 0.008 -23"><span class='ocrx_word' id='word_1_277' title='bbox 148 3507 181 3554; x_wconf 75' lang='lat'><strong>19</strong></span> <span class='ocrx_word' id='word_1_278' title='bbox 201 3504 280 3558; x_wconf 80' lang='lat' dir='ltr'><strong>curet</strong></span> <span class='ocrx_word' id='word_1_279' title='bbox 297 3504 362 3572; x_wconf 72' lang='lat' dir='ltr'><strong>pot:</strong></span> <span class='ocrx_word' id='word_1_280' title='bbox 382 3519 480 3557; x_wconf 87' lang='lat' dir='ltr'><strong>curans</strong></span> <span class='ocrx_word' id='word_1_281' title='bbox 499 3506 544 3560; x_wconf 82' lang='lat' dir='ltr'><strong>rb.</strong></span> <span class='ocrx_word' id='word_1_282' title='bbox 561 3507 565 3574; x_wconf 84' lang='grc' dir='ltr'>Ι</span> <span class='ocrx_word' id='word_1_283' title='bbox 586 3520 684 3560; x_wconf 86' lang='lat' dir='ltr'><strong>verum</strong></span> <span class='ocrx_word' id='word_1_284' title='bbox 702 3505 814 3574; x_wconf 83' lang='lat' dir='ltr'><strong>ol(rb):</strong></span> <span class='ocrx_word' id='word_1_285' title='bbox 834 3505 883 3560; x_wconf 88' lang='lat' dir='ltr'><strong>sed</strong></span> <span class='ocrx_word' id='word_1_286' title='bbox 900 3522 925 3575; x_wconf 93' lang='grc' dir='ltr'><strong>θ.</strong></span> 
     </span>
    </p>
   </div>
   <div class='ocr_carea' id='block_1_10' title="bbox 0 0 1270 3925">
    <p class='ocr_par' dir='ltr' id='par_1_11' title="bbox 0 0 1270 3925">
     <span class='ocr_line' id='line_1_39' title="bbox 0 0 1270 3925; baseline 0 0"><span class='ocrx_word' id='word_1_287' title='bbox 0 0 1270 3925; x_wconf 95' lang='lat' dir='ltr'><strong> </strong></span> 
     </span>
    </p>
   </div>
  </div>
 </body>
</html>
