2517 3925
560 183 803 247 ·-116—

295 338 318 395 L
346 339 392 395 Ad
409 340 548 395 tumorem
565 339 671 409 pedum

282 411 319 465 LI
346 411 392 465 Ad
410 427 557 480 permones

272 482 323 537 LII
350 482 393 536 Ad
413 482 589 551 interdigitia

257 554 321 609 LIII
347 554 393 607 Ad
410 552 544 622 paronitii
561 554 687 609 dolorem

242 625 319 680 LIIII
345 625 578 695 Adungularnm
596 624 721 680 dolorem

270 696 320 751 LV
348 695 394 749 Ad
411 695 535 764 corporis
553 695 747 751 salubritatem

255 766 319 821 LVI
347 766 391 819 Ad
409 766 540 835 lythenes

243 837 320 891 LVII
346 838 392 891 Ad
410 836 616 907 elephantiasin

232 907 322 962 LVIII
348 908 395 962 Ad
412 908 540 963 morbum
559 908 734 965 comicialem

259 978 323 1033 LIX
349 979 394 1033 Ad
412 979 542 1034 morbum
559 979 668 1049 regium

272 1049 322 1103 LX
349 1050 393 1104 Ad
411 1050 548 1119 yctericcs

514 1221 632 1292 capito
653 1220 733 1277 libri
756 1222 860 1282 tertii.

291 1382 295 1389 .
310 1337 322 1389 I
350 1334 395 1388 Ad
412 1333 504 1389 febres
523 1333 628 1389 calidae
645 1332 854 1389 intercidendae

217 1454 224 1467 ,
294 1406 321 1460 ll
347 1404 392 1458 Ad
410 1403 590 1473 emytriteum

281 1476 320 1531 Ill
348 1475 392 1528 Ad
411 1475 504 1530 febres
522 1475 679 1545 periodicas

267 1547 321 1601 1111
348 1546 393 1599 Ad
412 1542 590 1615 quotidianas

294 1618 320 1672 V
347 1616 392 1670 Ad
411 1617 547 1673 tertianas

281 1688 321 1743 VI
348 1687 393 1741 Ad
412 1690 561 1770 quartanas

269 1758 322 1813 VH
350 1758 395 1812 Ad
413 1758 578 1830 hthargicos

255 1830 320 1885 VIII
347 1829 393 1883 Ad
412 1846 539 1885 somnum
556 1830 767 1900 provocandum

218 1896 222 1921 ¹
281 1901 319 1955 IX
347 1900 392 1953 Ad
409 1900 557 1957 freneticos

294 1973 320 2027 X
347 1972 392 2025 Ad
410 1971 583 2041 epylenticos

282 2044 321 2097 XI
349 2043 393 2095 Ad
412 2042 554 2098 cardIecos

271 2113 323 2167 XII
350 2113 395 2167 Ad
413 2113 548 2184 hydropis
565 2113 678 2170 initium

255 2185 321 2239 XIII
348 2185 393 2238 Ad
412 2184 582 2254 paralyticos

241 2256 320 2310 XIIII
347 2256 393 2309 Ad
411 2255 566 2326 podagram

270 2326 322 2380 XV
348 2325 394 2379 Ad
411 2342 510 2380 nervos
529 2329 558 2381 et
576 2327 710 2383 articulos
728 2330 758 2383 et
775 2328 922 2384 artidricos
987 2346 991 2353 ’

256 2395 321 2450 XVI
348 2395 393 2449 Ad
411 2395 557 2464 syderatos
609 2460 614 2470 ι

239 2465 319 2520 XVII
345 2465 391 2520 Ad
409 2465 527 2522 vulnera

228 2535 320 2590 XVIII
348 2535 379 2590 Si
397 2535 459 2607 quis
478 2537 537 2593 ictu
554 2555 683 2610 pugnum
700 2541 747 2596 vel
765 2559 879 2597 manum
897 2542 1011 2598 laeserit

257 2607 322 2660 XIX
348 2608 393 2662 Ad
410 2607 564 2664 fracturam
582 2626 630 2665 seu
648 2613 796 2682 rupturam
813 2613 896 2683 pellis

266 2677 320 2732 XX
347 2677 392 2733 Ae
410 2680 528 2735 vulnera

256 2748 322 2804 XXI
348 2750 393 2804 Ad
411 2751 575 2822 sanguinem
594 2770 628 2807 ex
646 2753 807 2810 vulneribus
825 2754 981 2810 sistendum
1248 2826 1249 2829 Ἰ

240 2820 321 2875 XXII
347 2821 392 2875 Ad
409 2821 504 2877 ulcera
527 2827 556 2878 et
573 2840 681 2879 vermes
704 2825 815 2880 innatos
833 2826 880 2881 vel
902 2826 939 2881 ad
963 2843 1061 2884 noman
1081 2828 1141 2885 sive
1162 2831 1203 2884 ad

347 2892 457 2947 fistulas
475 2894 600 2948 ulcerum

230 2961 323 3016 XXIII
350 2962 396 3018 Ad
414 2966 589 3033 apostemate
605 2964 741 3022 interiora

215 3031 321 3086 XXIIII
347 3034 393 3088 Ad
412 3034 506 3089 omm'a
523 3036 662 3091 extu-iera
679 3039 856 3106 apostemate
873 3039 919 3094 vel
936 3041 1060 3094 tumores

244 3101 323 3156 XXV
349 3104 394 3157 Ad
413 3104 592 3160 collectIones
610 3107 657 3161 vel
675 3109 797 3162 tumores

232 3170 323 3226 XXVI
351 3174 395 3228 Ad
413 3175 543 3243 styrosim
560 3176 668 3233 ventris
685 3178 731 3232 vel
751 3181 889 3234 stomachi

215 3241 319 3296 XXVII
347 3243 391 3296 Ad
409 3245 554 3313 panIculas

201 3312 319 3367 XXVIII
346 3313 391 3367 Ad
409 3318 520 3384 cyrotus
538 3318 613 3387 quod
633 3321 699 3373 sunt
716 3319 877 3389 glandiolae

227 3383 320 3437 XXIX
347 3384 392 3438 Ad
410 3387 529 3442 strumas

242 3453 320 3508 XXX
348 3454 393 3509 Au
411 3457 610 3512 carbunculum

158 3541 184 3572 .·
233 3524 323 3578 XXXI
350 3525 395 3579 Ad
412 3528 547 3595 papulum
565 3529 678 3584 noxiam
