2517 3925
445 183 689 280 -1auss-

87 374 176 435 deinde
202 384 342 457 torretur,
375 385 405 438 et
432 380 571 439 universa
599 386 687 440 tunsa
714 388 746 441 et
773 392 854 442 creta
883 382 970 443 melle

85 465 180 543 optimo
206 467 293 526 mixta
319 456 512 545 subiguntur.
554 475 654 529 rutam
676 472 799 530 venenis
826 473 969 532 resistere

84 552 208 614 mustelae
231 555 349 636 docent,
372 574 538 634 quaecum
562 557 752 637 serpentibus
776 558 969 621 dimicaturae

85 642 139 701 cibo
160 640 219 704 eius
241 652 400 706 armantur.
434 644 535 707 docuit
557 654 588 707 et
609 664 664 707 rex
691 650 831 727 ponticus
853 647 968 710 Mithri·
1000 650 1029 689 ’*

65 730 166 811 5dates,
199 735 248 811 qui
275 752 343 794 cum
371 734 473 795 lratnis
499 737 548 795 sui
579 737 700 796 timeret
725 736 854 797 insidias
883 745 968 797 mutae
1078 799 1091 809 ,

84 819 140 879 lolia
156 836 202 881 xx
224 840 292 883 cum
315 822 430 883 duabus
449 823 577 885 nucibus
598 832 627 884 et
650 825 774 887 totidem
793 827 900 887 caricis
922 826 971 886 ad-

83 910 160 969 mixto
178 909 243 971 salis
261 930 352 991 grano
367 912 487 973 cottidie
506 915 625 975 ieiunus
645 916 768 994 accepit.
801 932 858 974 nec
876 916 972 975 mino·

84 1014 134 1057 rem
160 998 241 1060 nobis
269 1019 355 1080 opem
386 1010 416 1062 et
443 1010 547 1065 contra
575 1004 646 1063 vitia
669 1005 804 1081 eorporis
830 1011 970 1082 praestat.

84 1096 151 1147 aceto
173 1096 201 1148 et
226 1089 291 1149 oleo
320 1108 407 1151 roseo
434 1092 525 1152 mixta
548 1090 673 1154 miritice
701 1092 835 1154 dolorem
866 1094 971 1172 capitis

54 1177 177 1237 mavertit.
216 1177 383 1240 inflationes
407 1179 498 1260 oboli,
524 1182 598 1241 item
621 1182 754 1241 matricis
776 1182 969 1260 omniumque
982 1193 1077 1249 Dicae.

82 1264 283 1333 interaneorum
303 1270 403 1328 statim
425 1270 539 1348 mitigat
558 1286 626 1330 cnm
650 1268 758 1349 butyro
777 1277 807 1329 et
830 1269 896 1329 oleo
919 1270 969 1329 de-
987 1270 1058 1333 3‚4⁶·

83 1360 151 1413 cocta
175 1362 204 1415 et
229 1358 346 1417 iniecta.
388 1357 425 1418 ad
455 1356 619 1418 lumbricos
646 1357 797 1419 necandos
824 1358 897 1419 utile
925 1366 973 1419 est

82 1440 164 1503 oleum
193 1443 302 1506 bibisse
331 1448 380 1506 cui
412 1454 479 1507 ruta
508 1448 625 1507 incocta
653 1455 707 1508 est.
752 1450 838 1527 ignes
869 1465 971 1508 sacrum

83 1546 137 1590 cum
153 1540 232 1593 aceto
252 1541 282 1594 et
302 1534 367 1595 oleo
386 1553 510 1597 rosaceo
529 1542 559 1595 et
578 1554 701 1598 cerussa
719 1544 883 1616 temperata
901 1536 971 1597 ilico

55 1630 73 1669 m
84 1621 215 1699 extinguit.
239 1622 329 1683 datur
344 1632 374 1684 et
388 1642 479 1685 sucus
489 1626 554 1685 eius
569 1632 638 1687 ante
652 1627 854 1686 accessionem
868 1624 971 1685 biben-

82 1706 126 1767 dus
146 1718 244 1772 contra
273 1711 375 1773 lebres
398 1730 467 1773 cum
489 1713 600 1791 frigore
623 1716 787 1773 venientes.
823 1714 903 1774 idem
927 1716 971 1773 in-

82 1796 188 1861 stillatus
210 1800 354 1861 auriculis
377 1801 470 1862 eflicit
492 1809 526 1861 ut
550 1804 703 1880 contingat
724 1802 837 1861 audire.

135 1886 310 1951 Stultissime
326 1890 445 1969 quidam
454 1897 540 1951 rutae
550 1892 619 1951 vitia
633 1890 775 1950 dixerunt
788 1890 868 1970 quod
883 1908 970 1949 vene·
1015 1942 1030 1976 *

82 1991 131 2035 rem
149 1978 293 2060 inhibeat,
320 1980 446 2059 genitale
467 1997 569 2041 semen
588 1983 754 2062 extinguat,
776 1981 905 2058 infantes
927 1981 1079 2064 inmuose.)

54 2072 72 2113 ²0
82 2072 153 2126 utero
165 2076 260 2130 necet.
287 2068 357 2128 lacit
372 2071 452 2128 enim
470 2069 543 2128 haec
557 2088 617 2129 non
631 2071 704 2150 ipsa,
719 2069 770 2129 sed
786 2072 838 2148 qui
851 2071 971 2129 virtutis

82 2153 132 2213 eius
149 2155 228 2218 obliti
246 2175 304 2217 nee
323 2157 445 2218 modum
464 2175 520 2217 nec
540 2165 658 2237 tempus
677 2159 832 2236 aspiciunt.
861 2166 891 2219 et
904 2156 971 2218 ideo

83 2247 227 2322 temperare
241 2245 401 2326 prudentis
412 2253 458 2306 est
467 2253 502 2306 ut
517 2245 552 2306 de
563 2247 671 2306 auxilio
682 2264 742 2306 non
756 2246 806 2306 liat
815 2263 971 2307 venenum.

80 2369 275 2385 Μ

137 2421 203 2480 liuta
218 2426 356 2482 hortensis
372 2426 483 2480 nimium
499 2425 606 2494 uirtutis
627 2425 741 2495 calidae,
765 2427 854 2481 omnia
869 2441 972 2481 venena
995 2423 1052 2493 (46)

81 2507 176 2578 expellit
197 2525 257 2566 cum
275 2511 337 2564 vino
360 2516 435 2583 pota.
469 2526 551 2566 sucus
564 2509 704 2566 'loliorum
727 2510 785 2567 eius
808 2527 870 2566 oum
892 2510 973 2566 melle

52 2595 70 2636 25
81 2590 149 2647 attico
175 2594 306 2668 caligines
335 2594 478 2651 oculorum
506 2594 626 2652 discutit.
669 2611 730 2651 cum
757 2595 839 2651 melle
864 2601 973 2667 sumpta

80 2672 217 2735 inflationes
240 2679 374 2736 stomachi
397 2677 479 2736 tollit.
517 2695 609 2735 semen
633 2681 691 2735 eius
714 2679 809 2735 tritum
831 2693 892 2734 eum
908 2679 972 2733 vino

78 2763 145 2828 potui
165 2763 256 2820 datum
281 2764 415 2820 tortiones
438 2764 541 2820 ventris
561 2763 644 2820 tollit.

79 2863 277 2880 ...αισι-ιη*-

138 2935 149 2982 1
164 2933 249 2985 tunsa
261 2945 311 3000 qe:
325 2931 418 2986 tusal.
435 2932 439 2999 1
456 2931 534 2984 creta
546 2930 646 2999 yvon:
666 2929 790 2985 cribrata
802 2928 878 2998 tlrb).
895 2929 899 2996 Ι
915 2926 1000 3010 melle
1013 2925 1080 2995 qvi:

78 2997 143 3052 mebi
159 3002 203 3056 cb.
251 3002 433 3057 timustellue
452 3019 474 3056 r.
521 3002 717 3058 tmebidates
733 3018 761 3071 9.
807 2999 956 3055 dnuc1bus
969 2997 1081 3067 iuglan-

78 3065 146 3124 dibus
158 3073 202 3128 rb.
220 3074 225 3140 1
242 3073 367 3128 admixto
377 3071 538 3128 —cottidie
552 3088 602 3128 cm.
618 3075 635 3129 l.
673 3079 784 3128 troseo
796 3087 848 3142 qv:
862 3086 977 3125 rosaceo
989 3071 1000 3124 t
1013 3069 1080 3138 (rb).

79 3136 173 3204 lmixta
190 3145 258 3213 col:
281 3143 371 3200 mixto
389 3145 434 3200 rb.
486 3149 520 3196 10
538 3145 650 3199 evomit.
678 3142 837 3198 inflationes
850 3139 1080 3218 obolitlnllacio·

76 3215 375 3286 oesoobbzaa’cyct.
427 3220 459 3269 11
479 3215 582 3270 buturo
600 3232 626 3272 c.
681 3221 715 3270 1a
734 3215 829 3269 oleum
846 3210 1081 3282 om.r(uomb).l

78 3279 115 3333 cui
131 3285 191 3341 oleo
204 3286 301 3370 rotat.
316 3286 354 3342 eit
367 3289 385 3342 t.
401 3289 406 3356 Ι
421 3288 504 3370 ignes
522 3302 604 3342 ueros
618 3288 636 3343 l.
678 3293 714 3369 14
731 3302 843 3340 cmusua
859 3286 925 3368 922²
944 3299 1043 3339 cerum
1056 3283 1082 3351 b,

77 3359 410 3500 ffbrbqibabubtlblgbtqfvgl:
428 3358 597 3484 {bbcrobarbbl
617 3358 883 3484 mbbobdbmtbvfilbl
894 3359 971 3498 19ιίῙὸ
976 3355 1027 3495 ab}
1039 3423 1082 3477 la·

76 3493 126 3550 ciat
138 3499 154 3555 t.
195 3505 229 3554 27
253 3517 323 3569 quoe
344 3517 395 3570 aeq.
418 3501 451 3555 iu
469 3501 525 3556 cod.
551 3499 613 3554 Vat.
633 3501 716 3567 (Mai
738 3502 815 3570 1‚42)
838 3501 947 3554 adiecto
962 3499 1030 3552 auct
1047 3501 1081 3550 tx

75 3565 185 3634 Apuleio
207 3570 370 3626 Dioscorida
392 3574 542 3640 iterumque
564 3571 692 3640 Apueteio.
