2517 3925
537 192 780 256 -170-

261 353 414 415 stomaoho
437 354 640 415 laborantibus
659 353 744 415 oibns
762 354 872 415 utilior,
909 356 1016 415 transit
1038 356 1070 414 in
1093 355 1169 415 anti·
1198 394 1203 400 -

261 444 324 505 doti
346 446 440 505 vicem
460 446 486 503 si
504 462 572 504 cnm
592 444 707 523 cymino
727 442 792 503 oleo
811 442 871 503 sale
889 444 998 503 ieiunis
1015 443 1169 503 offeratur.

262 540 292 594 et
306 532 363 593 ooli
382 532 514 593 dolorem
528 534 571 593 sic
586 539 726 612 acceptus
745 532 895 609 emendat,
916 531 1055 610 caligines
1069 530 1169 592 discu-

261 624 310 704 tit,
334 628 469 682 ventrem
491 622 600 683 leniter
622 620 725 682 mollit.
761 621 844 681 radix
864 640 902 681 ex
920 623 989 681 vino
1007 620 1075 681 albo
1098 621 1171 681 trita

262 719 293 771 at
310 713 341 771 in
359 713 480 790 potione
503 711 648 789 perducta
667 708 796 771 calculos
817 710 935 788 frangit.
972 709 1076 769 eadem
1095 708 1196 770 lum-⁵
1251 737 1252 740 ¹

260 800 368 861 borum
386 799 505 860 dolores
520 807 550 861 et
563 817 671 861 renum
685 798 776 859 sedat.
805 798 942 859 medetur
961 800 1050 859 etiam
1063 797 1170 860 vulvae

262 887 399 967 querelis.
437 895 521 949 aceto
544 889 675 949 discocta
698 895 728 948 et
750 888 879 966 inposita
903 893 1007 948 eontra
1029 885 1170 967 elephan-

260 979 359 1037 tiasim
378 977 481 1038 efficax
500 978 642 1039 creditur.
679 976 782 1037 eadem
801 978 880 1037 sicca
897 984 986 1037 tunsa
1004 982 1034 1035 et
1056 976 1088 1036 in
1102 975 1171 1035 lana

261 1066 343 1129 denti
357 1066 470 1127 dolenti
483 1065 599 1127 admota
615 1068 679 1127 sine
700 1065 801 1125 dolore
816 1083 885 1125 eum
899 1063 1038 1125 detrahit.
1065 1082 1171 1125 semen
1251 1101 1253 1106 ·

261 1155 416 1216 obolorum
439 1158 531 1217 trium
550 1157 614 1236 pari
637 1154 769 1235 pondere
789 1173 858 1215 oum
875 1156 992 1233 cymino
1009 1156 1095 1231 potui
1119 1152 1209 1214 (la-1⁰
1251 1165 1253 1220 ἶ

262 1254 326 1306 tam
348 1263 488 1305 venerem
512 1244 657 1324 stimulat,
680 1243 819 1305 sollicitat
841 1244 967 1303 urinam.
1251 1233 1253 1268 ¹

199 1440 215 1473 *
326 1445 469 1500 mn.
502 1446 550 1501 De
574 1444 771 1517 armoracia.
1251 1443 1253 1514 j

156 1553 201 1629 (⁶1⁰2
214 1553 247 1606 Ρ·
329 1561 427 1623 Calida
456 1570 502 1623 est
533 1565 714 1623 armoraciaa
742 1564 850 1643 virtus,
882 1571 912 1623 et
941 1562 1008 1624 ideo
1041 1564 1072 1623 in
1101 1562 1171 1623 cibo
1251 1517 1253 1647 l

154 1628 376 1731 2⁰²¹²lsnmpta
414 1654 563 1731 copiosam
600 1651 726 1713 effundit
761 1654 887 1712 urinam.
937 1653 1041 1713 incitat
1076 1653 1169 1712 etiam

259 1748 412 1802 menstrua
435 1742 620 1802 laminarum.
658 1740 810 1801 stomacho
828 1740 910 1801 utilis
929 1758 965 1800 ex
984 1748 1068 1802 aceto
1091 1740 1171 1802 data.

257 1831 380 1910 pituitas
403 1830 565 1909 glutinosas
584 1848 654 1891 oum
672 1829 757 1890 melle
777 1837 894 1908 sumpta
913 1829 1055 1890 dissolvit.
1083 1830 1170 1889 radix
1184 1838 1206 1878 1⁵

184 2051 229 2117 (οἷ’
322 2062 453 2136 Asparagi
479 2061 507 2118 in
536 2061 597 2118 cibo
619 2061 722 2136 sumpti
752 2061 893 2119 stomacho
922 2069 1048 2136 prosunt.
1090 2061 1172 2117 calidi
1251 2092 1253 2177 p

152 2121 334 2203 Amnum.
371 2147 445 2202 radix
474 2148 501 2202 iu
531 2162 599 2220 aqua
621 2155 698 2202 cocta
720 2147 824 2203 vesicae
847 2163 942 2203 causas
966 2162 1060 2202 omnes
1090 2157 1171 2203 curat
1219 2194 1221 2196 .

152 2194 288 2286 mmet
302 2230 434 2288 calculum
451 2232 561 2306 frangit.
590 2231 619 2286 in
634 2233 697 2287 vino
720 2239 796 2289 cocta
818 2231 892 2286 radix
914 2233 973 2288 eius
989 2233 1170 2304 quartanariis

175 2383 178 2388 ι
259 2315 386 2388 prodest,
420 2315 541 2372 dentium
569 2314 680 2372 dolores
713 2315 786 2373 tollit
812 2324 842 2373 et
868 2317 986 2390 agitatos
1013 2313 1171 2372 confirmat.

258 2415 352 2454 renum
376 2399 486 2455 dolores
509 2407 536 2456 et
559 2401 697 2456 urinarum
719 2399 910 2457 suffocationes
933 2409 1041 2474 purgat.
1073 2415 1169 2456 semen
1184 2408 1209 2446 ²⁰

259 2499 353 2540 eorum
383 2484 476 2539 tritum
504 2500 565 2540 cum
587 2486 650 2541 vino
673 2483 747 2558 (pot.
772 2480 894 2559 cymino)
923 2492 1019 2558 potum
1040 2499 1170 2541 veneram

259 2567 388 2624 stimulat.

223 2837 238 2885 2
259 2830 361 2887 cimino
374 2849 421 2902 po.
438 2833 442 2900 l
459 2849 481 2888 c.
497 2832 606 2901 cymino
620 2833 680 2901 (sic)
699 2833 729 2886 et
742 2831 801 2886 sale
815 2833 837 2899 l,
856 2849 879 2885 o.
898 2819 1010 2886 cimino
1023 2833 1053 2886 et
1067 2830 1127 2884 sale
1141 2831 1169 2886 d.
1224 2891 1229 2897 ⁴

187 2907 203 2956 3
224 2903 299 2957 oholi
316 2918 362 2972 pu.
417 2910 435 2957 4
454 2921 487 2958 ex
505 2923 530 2959 v.
546 2902 611 2958 albo
629 2905 698 2972 pota
717 2903 796 2972 (pota
813 2902 878 2957 albo
896 2903 926 2972 d)
944 2902 1067 2958 calculos
1085 2903 1119 2956 fr.
1134 2903 1171 2957 td

152 2973 208 3038 (cet.
224 2975 262 3028 ud
275 2975 300 3028 lt.
315 2975 332 3028 l.
348 2976 382 3042 cf.
399 2975 485 3042 Ptin,
504 2975 554 3029 ubi
570 2975 715 3030 maledist.
730 2974 888 3042 Detlefaeu).
934 2979 951 3028 5
986 2973 1103 3028 erducta
1115 2988 1170 3042 qo:

152 3042 221 3098 data
238 3045 282 3100 rb.
338 3051 354 3100 6
373 3044 482 3100 ᾶοΙΟΕεε
500 3047 591 3115 pald:
614 3063 686 3100 -cem
703 3062 719 3100 r
737 3045 790 3113 (·ro
808 3045 843 3114 b).
860 3047 865 3113 Ι
882 3045 987 3114 quere'
1021 3043 1106 3098 vulve
1125 3045 1167 3098 td,

188 3114 347 3188 idiscocte
369 3115 501 3186 imposito
523 3132 541 3186 9
563 3114 850 3185 (discoctaeimposita
866 3118 903 3180 o).
924 3117 929 3184 Ι
954 3115 1091 3170 discocto:
1120 3114 1168 3170 ‹ia-

113 3243 117 3251 ,
152 3187 233 3240 cocta
248 3185 293 3240 Pl.
311 3187 315 3254 l
332 3187 583 3256 elaph(i)antiasim
596 3187 785 3257 pepon-sin
800 3188 841 3241 ld.
878 3185 1110 3242 8credituresse.
1124 3187 1167 3241 ld.

188 3260 204 3309 9
222 3255 331 3312 dolenti
348 3259 385 3311 rb
403 3259 449 3326 (os.
468 3258 531 3328 Dp:
548 3258 672 3313 dolantis
690 3275 742 3328 po,
761 3257 866 3314 doloris
885 3258 925 3315 ld.
965 3264 998 3312 10
1016 3256 1079 3327 pari
1094 3273 1167 3326 pon-

152 3323 217 3380 dere
236 3341 286 3384 om.
305 3341 323 3396 p
342 3328 409 3396 (uon
426 3329 500 3398 old).
517 3332 521 3398 1
538 3346 601 3383 cum
620 3329 725 3399 cymini
743 3330 805 3399 pari
822 3329 946 3399 pondere
964 3329 1001 3382 rb
1020 3328 1065 3396 (cf.
1082 3328 1127 3384 Pl.
1141 3334 1168 3382 et

151 3400 428 3467 suprup.154‚13).
483 3406 515 3455 11
540 3400 650 3455 urinam
673 3399 810 3456 sollicitat
830 3402 875 3455 rb.
924 3401 968 3454 tit.
988 3401 1056 3469 (etc.)
1074 3415 1167 3454 armo-

151 3467 781 3610 retractaretur·
801 3472 827 3526 a·
875 3477 908 3525 ¹³
1101 3471 1129 3526 r·
