2517 3925
302 185 702 299 ’1-25-

83 368 150 420 ante
180 378 301 421 somnos
329 361 459 422 colluere
485 380 540 423 ora
571 370 695 441 propter
726 363 834 425 halitus

47 514 49 519 ,
81 448 190 527 frigida
214 449 286 511 utile
309 450 390 511 dicit.
426 450 496 512 lolia
523 451 621 531 sagina
644 453 834 514 commandu·
862 463 949 525 24,14.

82 545 189 598 cantur
227 538 368 601 adversus
404 542 590 620 gingivarum
623 549 654 601 et
687 540 834 603 labiorum

81 628 160 687 vitia.
198 646 292 707 aeque
311 628 381 689 folia
399 628 468 689 rubi
485 632 516 689 in
536 647 595 709 quo
610 648 693 691 mora
707 648 833 692 nascun·
861 640 966 703 24,117.

57 723 139 776 stur.
179 717 315 807 eiusdem
342 720 461 797 generis
484 717 550 780 rubi
582 720 680 779 teneri
701 722 833 799 pampini
861 729 957 792 24,12ο
967 721 1052 790 (118.)
1172 761 1175 769 -

82 804 294 884 decoquuntur
308 825 345 867 ex
363 808 431 867 vine
445 807 482 868 ad
500 809 606 869 tertias
627 809 718 887 idque
731 810 834 869 vinum
1061 804 1065 811 ⁷

80 896 110 953 in
129 912 184 955 ore
205 898 384 962 continetur.
422 896 523 969 ulcera
545 896 724 976 plantaginis
742 916 833 959 sucus
861 905 965 971 taint.

81 984 235 1065 emendat,
267 992 298 1045 et
330 983 398 1045 lolia
427 987 492 1046 eius
526 994 624 1067 cocta,
656 986 832 1067 radicesque

80 1074 145 1133 eius
180 1073 448 1135 commanducatae.
497 1074 669 1135 membrana
705 1096 742 1136 ex
778 1094 834 1137 oro
861 1084 948 1147 2246.

47 1174 68 1212 10
81 1170 168 1222 cocto
197 1162 243 1223 vel
271 1163 363 1224 crudo
391 1163 523 1225 detracta
547 1161 695 1225 labiorum
717 1165 833 1225 tissuris

80 1250 229 1312 medetur.
279 1254 340 1312 oris
372 1251 496 1313 halitum
528 1254 672 1314 emendat·
697 1256 834 1314 murinus
861 1260 948 1324 3027.

81 1341 157 1399 cinis
172 1358 242 1401 cum
261 1340 347 1401 melle
362 1340 501 1402 dentibus
518 1342 683 1403 infricatus.
712 1343 833 1422 linguae
895 1341 932 1395 d>-

80 1428 184 1489 ulcera
218 1437 248 1489 et
279 1429 426 1491 labiorum
460 1430 639 1493 hirundines
669 1450 704 1493 ex
736 1432 833 1493 mulso

81 1525 184 1578 coctae
204 1527 317 1579 sanant.
356 1520 445 1599 adeps
465 1522 621 1580 anserinus
640 1528 692 1581 aut
710 1520 833 1600 gallinae
896 1519 933 1573 d)-

47 1608 173 1667 urinas
201 1607 348 1669 emendat.
389 1611 415 1669 si
442 1609 587 1669 ferventia
614 1628 648 1670 os
675 1611 757 1671 intus
784 1628 832 1669 ex·
896 1608 933 1664 ib.

81 1698 229 1779 usserint,
266 1699 408 1767 continuo
445 1706 566 1767 sanatur
602 1700 833 1778 gargarizatione

81 1784 166 1845 lactis
191 1787 297 1846 canini.
335 1786 476 1847 adversus
503 1787 649 1847 faetorem
676 1789 738 1847 oris
765 1786 833 1846 lolia
861 1791 967 1856 tulto.

81 1874 171 1953 myrti
205 1882 235 1934 et
266 1875 385 1936 lentisci
416 1878 481 1955 pari
513 1874 646 1954 pondere
679 1883 710 1935 et
741 1874 832 1953 gallae
866 1932 870 1940 ,

82 1965 213 2042 syriacae
238 1964 391 2026 dimidium
410 1965 528 2044 pondus
552 1983 610 2025 una
633 1967 692 2025 teri
715 1972 834 2044 oportet

48 2063 70 2104 20
84 2059 113 2112 et
135 2071 259 2132 aspersa
280 2055 349 2118 vino
373 2061 490 2115 vetusto
513 2055 659 2114 matutino
683 2053 832 2114 mandere.

84 2140 128 2200 rel
160 2140 290 2202 hederae
322 2143 410 2203 bacae
444 2161 513 2204 cum
547 2145 641 2203 cassia
673 2151 703 2202 et
734 2160 834 2221 myrra
896 2139 932 2193 ab.

84 2232 147 2308 pari
170 2230 303 2310 pondere
335 2250 455 2311 aspersa
478 2234 555 2292 vino.
592 2231 696 2291 eadem
718 2233 833 2290 ratione

85 2318 186 2378 ulcera
218 2321 279 2383 oris
308 2321 513 2382 emendantur.
560 2319 617 2380 hoc
649 2327 679 2380 et
711 2319 747 2379 ad
775 2328 833 2379 sto·

85 2407 223 2468 maehum
237 2411 360 2490 optime,
376 2409 428 2470 sed
442 2410 549 2470 melius
567 2426 721 2469 mororum
735 2408 833 2468 dome·
862 2416 967 2486 23‚136.

48 2506 72 2547 2⁵
85 2499 230 2558 sticorum
244 2500 364 2559 sextarii
378 2507 440 2558 tres
458 2499 519 2559 leni
537 2516 645 2578 vapore
664 2498 834 2576 decoquun-

156 2709 173 2756 2
187 2702 257 2758 dicit
270 2704 342 2773 prb:
358 2703 430 2759 dixit
443 2706 469 2759 d.
486 2705 491 2775 Ι
508 2705 767 2760 conmunducaninr
782 2703 842 2772 (aie)
855 2719 881 2772 9.
933 2706 950 2754 4
964 2700 1065 2757 vitium
1076 2702 1103 2757 d.
1187 2753 1190 2760 .

119 2780 136 2830 8
156 2775 238 2830 coela
255 2789 305 2831 em.
327 2775 373 2832 Pl.
400 2776 404 2844 l
430 2775 488 2830 eius
512 2792 563 2830 om.
586 2777 613 2830 d.
668 2781 685 2830 9
710 2773 958 2830 commanducatae
981 2772 1103 2854 porum

44 2885 49 2894 .
84 2845 314 2902 commasticatae
334 2847 358 2901 b.
433 2853 464 2900 11
490 2847 610 2902 halitum
633 2848 687 2916 gb:
715 2845 820 2901 vicium
843 2846 869 2900 d.
892 2846 897 2914 Ι
925 2858 1054 2897 marmus
1067 2872 1102 2882 -

84 2915 230 2971 infricatus
252 2917 291 2986 'pb
316 2917 362 2986 (cf.
386 2917 457 2971 idem
484 2933 518 2972 eac
542 2919 587 2974 Pl.
601 2918 722 2988 τωρωι
750 2933 800 2971 orn.
824 2917 843 2970 d
870 2916 952 2985 (certo
980 2912 1105 2979 masnilo,

84 2993 115 3041 ut
132 2989 254 3054 nitimur,
273 3005 326 3058 quo
346 2987 401 3043 oris
415 2988 520 3043 vicium
539 2989 671 3045 emendat
684 2989 721 3044 ad
737 2989 837 3057 priora
853 2986 990 3054 foretur).
1016 2987 1104 3039 totum

84 3060 232 3114 membrano
250 3075 300 3114 om.
319 3077 342 3115 r.
418 3064 451 3114 te
470 3062 585 3116 sanatur
605 3078 655 3131 pr:
683 3060 818 3115 sanantur
839 3058 887 3114 db.
961 3061 994 3110 1⁷
1013 3055 1102 3111 foeto-

83 3146 142 3184 rem
160 3130 200 3200 9b
221 3129 284 3199 (fet-
303 3132 340 3201 d).
414 3136 447 3186 19
467 3135 523 3186 und
540 3143 587 3201 9⁰,
606 3133 663 3187 und
680 3132 733 3186 dbr
753 3129 838 3184 simul
856 3129 902 3184 Pl.
970 3133 1006 3183 20
1024 3144 1103 3180 man-

84 3201 149 3256 dere
168 3201 308 3256 matutino
328 3201 354 3257 d.
405 3208 438 3256 22
454 3219 568 3276 aspersa
582 3203 626 3274 (ef.
643 3203 700 3274 Pl.)
719 3203 770 3272 pb:
790 3217 902 3270 aspersa
920 3202 947 3256 d.
997 3205 1033 3268 24
1047 3197 1103 3252 Sed

84 3271 120 3340 (si
138 3275 167 3342 d)
190 3272 292 3326 melius
311 3291 348 3328 m.
368 3273 592 3330 domesticorum.
630 3273 681 3329 sed
693 3275 745 3341 ·(at
766 3274 795 3341 d)
812 3271 914 3327 melius
933 3287 1029 3326 eornm
1049 3285 1102 3337 que

82 3343 113 3397 iu
136 3343 215 3398 rubis
238 3346 394 3399 nascuntur
415 3347 458 3414 gd
480 3347 564 3414 (tonde
586 3345 637 3402 sad
658 3343 759 3400 melina
778 3343 803 3398 si
824 3360 889 3398 cnm
906 3361 943 3400 m.
963 3343 1036 3397 dom.
1056 3339 1103 3421 vel

83 3415 159 3470 certe
192 3431 289 3470 eorum
311 3420 358 3472 etc.
382 3417 439 3485 rb).
476 3433 545 3486 quae
577 3417 689 3471 librarii
716 3416 860 3470 cuiusdam
886 3414 985 3470 addito
1016 3411 1104 3485 capla·

83 3484 191 3540 catiano
208 3485 284 3553 falsa
301 3487 469 3556 interpolato
486 3493 553 3542 sumt
584 3488 629 3557 (cf.
650 3488 737 3558 Ptin„
763 3485 859 3541 Fraus
881 3484 998 3556 spnops.
1022 3483 1050 3551 tl.
1069 3481 1104 3534 cl.

78 3574 110 3625 p.
131 3563 184 3612 236
194 3559 269 3627 squ).
343 3564 377 3612 25
397 3557 508 3614 sestarii
524 3575 549 3628 9.
