2517 3925
574 186 794 249 -32-

444 368 537 410 unuin
564 349 652 409 tritae
680 350 712 407 in
739 366 832 427 aquae
859 348 972 408 mulsae
999 346 1118 406 hemina
1141 351 1196 405 aut

444 440 520 499 aceti
538 436 623 497 melle
644 437 742 497 addito
762 437 971 516 decoquuntur
984 434 1079 495 donec
1097 434 1194 495 lente·

445 535 508 588 scat
524 534 621 587 totum
640 526 720 605 quod
739 528 891 607 coquitur,
910 533 940 585 et
958 526 1001 585 sic
1019 526 1194 603 imponitur.
1254 533 1256 593 t

330 628 425 695 2633„
444 616 589 696 hysopum
614 633 683 675 cum
706 617 773 675 vino
803 615 960 688 decoctum
982 615 1193 693 gargarizatur.
1254 613 1256 664 Ι

343 709 381 765 ib.
444 705 650 785 peucedanum
660 723 728 765 cum
741 703 863 784 coagulo
873 704 957 764 vituli
967 704 1073 763 marini
1086 705 1194 781 aequis
1210 715 1223 753 ⁵

330 805 416 868 nini.
444 793 626 873 ponderibus
645 793 788 854 inlinitur.
822 812 912 854 sucus
931 792 969 853 de
987 792 1194 871 quinquefolio

417 883 576 962 pondere
609 881 723 941 denarii
755 900 792 942 ex
824 899 917 960 aquae
950 880 1062 961 cyathis
1094 880 1194 941 tribus

311 983 417 1045 28,189.
445 974 529 1051 potui
548 971 642 1033 datur.
675 970 715 1030 fel
733 972 885 1031 taurinum
903 970 949 1030 vel
968 971 1123 1049 caprinum
1142 978 1195 1031 aut

330 1071 418 1135 28‚43.
445 1062 581 1121 ursinum
605 1078 674 1120 cum
692 1059 789 1119 melle.
802 1060 945 1120 inlinitur.
980 1060 1075 1138 ipsius
1097 1057 1193 1119 homi·

445 1151 491 1209 nis
524 1164 726 1228 quacumque
743 1168 779 1209 ox
813 1156 899 1229 parto
931 1150 1051 1227 sanguis
1082 1149 1194 1208 missus
1210 1159 1236 1198 1⁰

445 1238 580 1298 inlinitur
607 1238 810 1298 efficacissime
834 1236 965 1317 prodest.

510 1437 636 1494 XVIII.
658 1437 809 1494 Liohent

348 1570 419 1633 nun.
512 1555 624 1617 Graeco
635 1560 754 1618 nomine
765 1557 898 1618 lichenes
908 1557 1101 1638 appellantur,
1114 1558 1194 1637 quod

445 1646 532 1725 vulgo
565 1653 748 1725 rnentagram
780 1647 929 1726 appellant
960 1638 1086 1728 vitium,'
1113 1647 1195 1725 quod

445 1737 588 1796 acerrime
617 1755 671 1815 por
704 1742 796 1797 totam
826 1736 931 1797 faciem
964 1734 1040 1796 solet
1071 1753 1195 1815 serpere

445 1824 538 1885 oculis
562 1831 676 1885 tantum
705 1824 895 1886 immunibus.
932 1824 1086 1885 descendit
1109 1833 1141 1885 et
1163 1827 1236 1885 in1⁵

445 1913 553 1974 collum
568 1921 598 1974 et
611 1916 643 1974 in
661 1920 768 1993 pectus
782 1932 960 1994 manusque,
980 1912 1079 1974 foedat
1093 1921 1197 1975 cutem

350 2012 418 2075 26‚4.
447 2002 571 2062 turture.
607 2002 734 2063 Manlius
757 2001 908 2064 Cornutus
931 2011 1051 2082 praetor
1073 2005 1195 2083 provin·

446 2092 508 2151 ciae
537 2093 720 2170 aquitanicae
751 2091 866 2170 legatus
895 2088 987 2173 <Hs>
1016 2105 1059 2153 cc
1082 2095 1113 2152 in
1136 2091 1197 2152 hoc

446 2179 549 2240 morbo
572 2180 679 2242 locavit
702 2199 733 2240 se
757 2180 929 2242 curandum.

489 2267 565 2329 Huic
598 2288 669 2348 ergo
701 2271 771 2330 vitio
809 2273 852 2331 sic
889 2277 1034 2331 conantur
1070 2270 1195 2330 mederi.
1211 2281 1237 2320 2⁰

251 2438 346 2494 ruiti
364 2440 390 2493 ci.
415 2441 419 2506 t
449 2435 557 2493 himina
574 2455 603 2508 9,
634 2439 726 2494 emino
743 2441 770 2496 d.
842 2440 954 2508 esicp
976 2442 1025 2509 (ηε
1053 2439 1120 2495 sid.

177 2516 195 2564 4
213 2509 279 2565 vino
297 2511 339 2580 qd
362 2510 396 2579 (r,
416 2510 484 2580 Pl.):
508 2509 560 2565 fico
578 2527 602 2567 v.
623 2511 640 2564 l.
662 2511 706 2565 Ρῐ.
779 2517 795 2566 5
818 2512 1004 2582 peucidanum
1021 2511 1070 2581 qd.
1096 2513 1100 2580 1
1125 2529 1197 2582 qua·

178 2581 245 2652 gulo
255 2597 289 2706 p.
345 2587 460 2636 sssucus
479 2580 558 2651 deq.
577 2582 688 2650 pd(oic
705 2583 787 2637 etiam
806 2583 872 2654 Pi).
928 2581 1097 2652 ipondoro:
1125 2601 1197 2652 pon-

177 2653 229 2708 dus
275 2651 363 2708 onorii
380 2653 421 2722 qd
449 2654 509 2720 (om.
531 2653 585 2721 Pu,
604 2653 708 2723 iterur,
732 2655 782 2709 ubi
798 2655 850 2708 sic:
879 2671 993 2710 succum
1015 2653 1085 2709 item
1107 2653 1197 2709 herbe

177 2723 365 2794 quinquefolii
379 2723 503 2792 cyathos.
524 2745 564 2778 111.
588 2724 766 2795 gargarizes).
787 2728 792 2794 l
812 2742 913 2795 oquae:
933 2741 1007 2796 aqua
1020 2726 1062 2794 qd
1076 2726 1198 2794 (duplici

178 2796 299 2851 ablativo
317 2800 348 2849 ut
366 2795 475 2863 saepius
493 2795 524 2863 d,
543 2796 578 2863 cf.
598 2801 643 2862 2‚4
661 2801 686 2850 et
703 2797 784 2851 amit.
805 2803 945 2868 1‚7.10.24.
965 2803 1070 2863 3,23.32
1090 2798 1157 2867 etc).

177 2873 194 2922 9
209 2866 340 2950 'ursinum
358 2882 408 2949 om:
426 2867 470 2921 Pl.
491 2867 536 2936 (cf.
550 2867 829 2952 sppraansoninum).
885 2874 919 2951 19
932 2883 1098 2950 quacunque
1111 2870 1197 2937 porte

106 3005 111 3013 ·
177 2955 295 3064 litut.
309 2939 510 3080 iuuenta.
529 2943 593 3064 alt·
607 2937 871 3080 &illiniti
896 2940 1198 3092 lieiildgftull

179 3078 283 3152 {vocat
300 3080 346 3148 (sc.
364 3079 475 3151 vulgus)
494 3097 517 3137 r.
568 3079 752 3136 16.fedot.ei
769 3083 861 3136 cutem
875 3082 902 3136 d.
953 3087 986 3135 17
1005 3081 1126 3136 Manhus
1141 3082 1196 3150 pb:

176 3186 309 3242 Manilius
330 3187 375 3242 Pl.
457 3193 490 3242 18
513 3185 691 3256 aquitanicae
708 3203 738 3256 p:
767 3187 824 3241 -nio
842 3188 891 3242 db.
920 3190 925 3255 1
959 3209 990 3243 cc
1016 3204 1047 3258 9,
1079 3208 1110 3242 oc
1139 3189 1196 3242 db:

175 3277 218 3312 ns.
238 3277 268 3312 oc
290 3258 335 3314 Pl.
359 3262 504 3325 canutus
522 3259 583 3326 (aut
601 3259 672 3313 male
690 3259 772 3313 huus
789 3259 824 3312 ab
843 3259 955 3329 editore)
976 3259 1068 3314 Marc.
1086 3276 1115 3327 p.
1127 3265 1195 3315 1292

177 3345 244 3383 nam
255 3329 377 3384 Soranus
390 3327 515 3383 medicus
529 3329 612 3397 (uude
624 3327 717 3397 uicit)
737 3329 878 3399 quondam
892 3329 1021 3385 ducentis
1031 3329 1195 3386 hominibus

176 3399 241 3468 (pro
260 3397 333 3470 HSi)
359 3399 413 3453 hoo
439 3399 537 3454 morbo
559 3399 753 3454 laborantibus
777 3399 906 3455 curandis
929 3402 958 3470 (t)
986 3401 1015 3454 in
1037 3400 1197 3470 Aquitania

177 3469 340 3526 relocavit.
368 3474 453 3524 totum
465 3471 539 3525 huuc
557 3471 645 3525 locum
658 3471 750 3525 omisit
766 3486 790 3526 r.
860 3478 893 3526 19
913 3489 943 3527 so
962 3472 1069 3527 locavit
1086 3489 1110 3529 c.
1129 3473 1157 3527 d.

177 3546 212 3596 20
230 3541 302 3596 Huic
311 3557 378 3612 orgo
392 3538 462 3597 vitio
476 3543 526 3611 pt:
547 3540 668 3607 Quidam
685 3540 751 3597 huic
769 3541 839 3597 vitio
857 3544 884 3598 d.
