2517 3925
503 198 724 261 „13-

104 380 139 421 cx
163 362 232 421 vino
256 368 287 420 et
310 360 376 420 oleo
400 358 523 439 cyprino
543 369 574 421 et
597 360 697 421 cedria
719 364 854 440 pruritus

103 449 294 529 scabiemque
314 449 431 510 tollunt.
468 451 637 528 porrigines
652 450 854 511 discutiuntur
883 464 986 525 num.

102 538 169 599 felle
194 538 282 599 ovillo
310 538 403 599 inlito·
419 556 486 599 cum
515 546 597 599 creta
619 539 736 599 cimolia
759 540 854 600 donec

101 630 260 687 inarescat.
297 627 400 688 lendes
424 637 454 688 et
482 628 536 687 alia
564 630 669 707 capitis
692 636 770 689 tetra
792 632 853 690 ani·
881 642 969 703 31‚65.

76 716 190 777 omelia
218 735 294 795 quae
322 724 431 777 nocent
462 716 573 778 lotione
603 736 695 796 aquae
722 721 853 778 marinae

102 814 259 866 necantur.
295 808 369 866 item
383 808 408 866 si
426 806 567 866 inlinatur
582 809 673 866 samia
691 814 772 867 terra
785 826 854 867 eum
881 818 986 880 31‚117.

102 898 183 955 nitro
208 902 239 955 et
262 894 335 955 oleo.
373 897 485 956 nitrum
514 896 636 955 alumini
659 898 783 956 mixtum
807 916 853 956 ca·
882 908 986 970 31‚122.

100 984 337 1061 pitiinlrictum
359 986 527 1063 porrigines
550 984 635 1045 tollit.

170 1186 234 1241 m
257 1184 439 1241 Ulceribus
462 1185 498 1239 in
521 1186 632 1255 capite
656 1184 885 1242 manantibus.
977 1227 985 1232 .

170 1302 277 1363 Ulcera
315 1305 477 1385 incapite
514 1307 663 1365 manantia
704 1313 854 1383 tamquam

65 1409 88 1445 10
101 1395 226 1471 proprio
245 1391 351 1452 morbo
371 1395 530 1472 praecipue
545 1393 709 1454 infantibus
727 1412 852 1455 nascun-

101 1490 166 1562 tur,
191 1482 243 1541 sed
268 1490 298 1541 et
318 1484 396 1541 viros
415 1490 445 1543 et
463 1482 604 1542 mulieres
626 1501 695 1542 curn
719 1485 853 1562 ceperint

101 1572 233 1648 graviter
265 1571 414 1631 infestant.
462 1588 536 1649 quae
569 1573 629 1631 lota
657 1574 743 1632 urina
774 1574 852 1631 tauri
880 1584 985 1644 natos.

101 1658 308 1719 efficacissime
339 1666 488 1719 sanantur.
534 1660 656 1719 vitulino
687 1660 753 1720 lelle
784 1678 853 1720 cum
915 1663 952 1716 ab.
1016 1672 1020 1675 ’
1094 1721 1099 1731 .

102 1755 188 1808 aceto
226 1748 375 1827 tepefacto
413 1746 588 1809 inlinuntur.
633 1766 736 1808 serum
768 1748 853 1807 ritub
880 1759 985 1821 28165.

65 1850 89 1888 15
101 1856 172 1897 eum
187 1836 248 1896 sale
264 1836 454 1897 utilissimum
463 1844 517 1897 est.
549 1844 694 1898 testarum
705 1838 853 1895 muricum
880 1847 967 1910 auos.

101 1943 341 2004 purpurarnmve
371 1928 470 1986 cinere
500 1945 544 1986 exa
563 1925 650 1986 melle
677 1924 852 1986 inlinuntur.

102 2016 194 2075 alium
222 2033 291 2075 curn
319 2033 371 2074 sua
394 2023 474 2075 reste
503 2013 689 2075 comburitur
716 2017 852 2094 cinisque
881 2026 967 2088 20‚51.

102 2107 169 2164 eius
204 2123 240 2164 ex
273 2103 338 2163 oleo
370 2106 542 2184 imponitur.
589 2112 688 2164 menta
720 2106 791 2164 trita
823 2111 853 2162 ct
881 2115 984 2176 20,148.

102 2195 240 2274 apposita
267 2195 366 2254 siccat.
411 2193 509 2253 oleum
538 2192 755 2271 amygdalinum
785 2210 853 2252 cum
880 2203 967 2266 23‚85.

63 2296 88 2334 20
102 2285 172 2341 vino
192 2291 344 2367 expurgat.
382 2281 538 2361 galbanum
557 2281 693 2341 inliuitur
708 2299 743 2340 ex
757 2280 852 2339 melle.
881 2291 967 2353 2431.

37 2413 41 2429 .
102 2370 173 2430 lolia
197 2370 265 2431 rubi
293 2370 323 2430 in
348 2389 406 2449 quo
430 2389 511 2431 rnora
539 2378 703 2444 nascuntur
726 2371 853 2429 contrita
880 2381 985 2442 24,118.

178 2558 278 2613 trino
302 2560 331 2613 et
353 2575 403 2613 oar.
423 2561 449 2615 d.
480 2562 483 2626 l
518 2558 612 2614 cedria
639 2559 720 2628 (rbi,
745 2558 813 2627 Pla:
846 2559 929 2613 cedro
947 2560 1009 2628 pclb
1034 2559 1120 2626 (elixa

101 2631 169 2684 adol.
190 2630 223 2698 b).
306 2637 321 2684 2
341 2630 495 2700 porrigines
517 2632 602 2700 prbr
622 2630 705 2699 (Pl.):
728 2628 885 2699 prurigines
907 2631 947 2684 ab
971 2631 1039 2700 (Μ).

101 2709 118 2754 3
141 2703 231 2756 creta:
249 2702 325 2756 terra
343 2703 388 2756 br.
470 2703 643 2758 cinerescat
665 2717 700 2756 se.
724 2703 809 2770 ceput
828 2701 896 2769 (Pl.)
923 2704 927 2767 l
955 2701 1052 2756 lendes
1065 2702 1118 2756 db:

101 2771 221 2826 lindites
238 2789 268 2841 p,
286 2771 400 2827 lintides
419 2775 465 2828 br.
491 2777 494 2842 Ι
520 2789 544 2828 a.
564 2776 640 2829 tetra
658 2770 793 2826 animulis
810 2771 911 2840 capitis
929 2773 955 2826 d.
1029 2779 1045 2826 6
1063 2771 1119 2825 illi-

101 2843 200 2898 niatur
217 2844 236 2898 d
254 2843 391 2911 (illinatur
409 2846 443 2912 b).
504 2843 683 2900 ainfrictum
700 2844 751 2912 pb:
770 2843 931 2896 infricatum
949 2843 976 2897 d.
1003 2844 1006 2909 Ι
1031 2843 1119 2911 porri-

101 2915 184 2984 gines
207 2931 244 2982 pr
268 2916 358 2984 ¹(Pl.):
385 2915 541 2985 prurigines
569 2915 685 2984 (ΗΜ).
775 2915 817 2968 tu.
840 2913 883 2966 De
900 2913 1040 2967 ulceribus
1057 2914 1076 2967 i.
1096 2931 1119 2968 c.

101 2985 285 3040 manantibus
303 3003 332 3055 y,
351 2986 396 3040 Ad
409 2987 505 3042 ulcera
522 2989 540 3040 i.
561 3005 582 3043 c.
602 2985 747 3042 manantia
765 2985 791 3041 d.
848 2990 880 3037 10
894 2983 1008 3054 proprio
1021 2985 1119 3040 morbo

100 3058 157 3127 pel:
185 3056 314 3125 proprius
336 3057 450 3112 morbus
472 3059 577 3128 rb(M)
613 3060 616 3125 Ι
651 3055 681 3110 in
702 3055 858 3110 infantibus
883 3058 898 3111 b
927 3057 1030 3126 (solus).

105 3134 137 3182 11
160 3143 225 3180 cum
243 3128 297 3196 pel:
327 3129 350 3181 si
369 3129 413 3183 rb.
439 3131 443 3197 l
470 3129 594 3199 ceperint
612 3131 666 3198 (ὡς
696 3127 838 3196 coeperint
859 3129 926 3197 prb.
1009 3135 1041 3182 12
1060 3128 1120 3183 lota

100 3201 186 3253 urina
203 3197 279 3253 tauri
296 3200 383 3268 puer
394 3200 475 3269 (Pl.):
504 3201 570 3256 felle
592 3198 704 3255 taurino
722 3198 759 3252 rb
774 3198 843 3268 (M).
936 3206 968 3254 14
982 3205 1048 3268 post
1064 3198 1119 3252 illi-

102 3269 221 3325 niuntur
235 3270 295 3339 (sic)
312 3287 346 3324 erc
359 3287 381 3328 c.
394 3277 406 3324 1
429 3272 496 3326 baec
514 3273 611 3340 repetit
624 3272 655 3326 d:
675 3269 748 3323 Item
762 3269 920 3340 prurigines
932 3269 1121 3324 discutiuntur

101 3341 170 3396 felle
190 3340 278 3396 ovillo
296 3339 370 3397 illito
390 3359 451 3396 cum
472 3344 548 3397 creta
566 3341 679 3398 cimolia
697 3340 786 3395 donec
810 3341 957 3396 inarescat.
1030 3347 1063 3395 16
1082 3359 1119 3397 m.

101 3413 150 3468 vel
172 3428 361 3482 purpurarum
379 3413 438 3466 rM
464 3412 647 3481 (muricumve
668 3427 857 3494 purpurarum
875 3413 910 3478 b).
989 3418 1021 3466 17
1045 3415 1120 3466 reste

102 3484 241 3552 peffen-
257 3484 467 3552 uepte;rb‘(M).
533 3491 566 3540 18
586 3485 708 3552 contrita
725 3483 770 3541 rb.
826 3490 861 3537 20
880 3483 983 3538 esino
1000 3483 1119 3536 mixtum

104 3555 208 3624 rb(M‚
220 3553 421 3646 nrorofssssslflpspclfl
447 3572 493 3609 ex:
517 3571 581 3609 eum
599 3556 635 3610 rb
647 3547 723 3624 (Pl).
800 3559 832 3607 21
854 3553 977 3609 nascitur
994 3554 1021 3608 ri.
