2517 3925
446 250 506 281 .-
552 213 708 279 207-

71 386 119 439 tas
147 377 303 457 decoquat
339 394 444 441 rerum
471 386 503 439 et
529 376 652 439 ardores
678 378 912 442 febricitantium
934 398 984 441 or-

70 468 184 547 tingoit
206 484 258 527 ore
281 484 487 548 compressum
505 474 537 529 et
555 468 637 527 sitim
659 469 787 550 mitigat,
810 477 842 530 et
862 471 894 530 io
917 469 984 531 cibo

71 563 192 636 sumpta
224 556 409 617 stomachum
446 559 579 638 erigunt,
614 556 757 618 solutioni
787 560 902 619 ventris
932 558 984 621 ob

72 646 199 727 sistunt,
235 646 307 706 tritu
335 652 366 707 et
398 663 467 707 cum
494 644 604 725 polline
631 648 761 725 inposita
792 646 985 709 collectiones

44 749 240 815 ssuppursre
259 752 318 795 nou
342 736 506 813 patiuntur.
543 728 610 796 ossa
632 734 788 797 combusta
811 742 841 796 et
863 738 895 797 in
918 736 982 816 pul-

71 840 176 883 verem
206 821 328 884 redacta
359 822 468 903 butyro
499 831 531 885 ct
561 823 649 885 melle
682 823 892 887 comitantibus
923 844 985 887 non

71 910 187 989 abiecti
204 913 315 991 vigoris
338 912 568 993 xerocollyrium
589 920 752 992 praestant

139 1092 211 1151 Π.
242 1095 292 1150 De
314 1094 601 1165 hypomelidlbus.
918 1136 934 1168 .,

140 1211 205 1273 Ηοο
231 1231 354 1292 pomum
380 1212 570 1276 Dioscorides
597 1214 823 1295 frigidissimum
851 1214 985 1277 adfirmat
1003 1219 1069 1274 obit

73 1309 162 1381 atque
185 1300 254 1362 ideo
277 1310 308 1363 et
334 1301 467 1363 laborem
495 1304 671 1383 digestionis
697 1306 843 1367 incutere.
880 1307 984 1384 stypti-

35 1554 60 1592 ιο
74 1533 176 1590 claudit
196 1541 225 1589 et
247 1534 320 1589 omui
341 1534 454 1591 corditio
476 1543 585 1609 purgat.
615 1530 763 1613 <similiter
783 1545 812 1595 et
833 1537 867 1593 de
889 1537 985 1594 caricis

73 1617 273 1693 pinguissimis:
297 1619 325 1675 in
348 1618 435 1676 mulsa
456 1620 590 1692 infundis,
615 1623 681 1678 teris
696 1631 725 1679 et
746 1622 921 1697 emplastrum
942 1623 985 1677 in·

74 1704 153 1775 ponis
175 1701 207 1758 sd
230 1697 358 1779 psoras.)
387 1720 468 1777 poma
483 1706 601 1761 recentia
618 1704 722 1762 facilius
737 1713 890 1781 egeruntur
904 1722 983 1779 qoam

73 1787 118 1843 illa
146 1803 215 1861 quae
242 1787 345 1843 fuerint
373 1788 460 1859 sicca,
487 1796 515 1843 et
542 1804 638 1845 eorum
664 1790 791 1845 virtutem
819 1788 932 1846 dicimus
954 1798 986 1846 ut
1058 1855 1060 1860 ,

78 1863 180 1948 [mora]
203 1871 369 1929 calefaciant.
833 1864 835 1868 ’

36 2060 63 2100 15
141 2043 280 2119 ldyxorum
304 2047 431 2103 virtutem
454 2045 655 2122 frigidissima·
678 2048 855 2122 suspicamur.
892 2046 918 2102 id
935 2044 984 2122 (id)
1005 2050 1061 2121 (80)

74 2145 190 2204 namque
212 2130 354 2187 manifeste
376 2132 525 2205 stypticum
540 2139 652 2206 apparet
674 2140 703 2188 et
724 2131 870 2206 frigidum,
894 2147 986 2205 quam·

74 2215 113 2271 vis
134 2213 283 2289 plurimum
304 2214 345 2271 illi
368 2214 401 2272 de
423 2216 515 2288 rigore
536 2216 647 2274 siccitas
668 2215 812 2290 decoquat
842 2232 936 2272 verum
958 2224 987 2272 et

74 2295 187 2356 ardores
210 2297 421 2356 febricitantium
443 2301 579 2374 extinguit
594 2316 643 2357 ore
658 2316 837 2375 conpressum
851 2308 883 2357 ut
903 2316 985 2357 sucus

73 2384 218 2459 glutiatur.
253 2385 280 2440 in
303 2383 362 2441 cibo
385 2392 524 2459 sumptum
546 2386 718 2442 stomachum
734 2387 830 2460 erigit,
853 2385 986 2443 solutioni

33 2489 59 2528 ao
72 2470 175 2526 ventris
199 2466 317 2529 obsistit.
354 2470 449 2526 tritum
472 2478 582 2526 etcum
610 2469 689 2529 fabae
711 2471 814 2545 polline
835 2472 985 2547 inpositum

72 2553 249 2611 collectiones
277 2569 428 2628 suppurare
456 2570 512 2611 nou
540 2556 652 2628 patitur.
697 2573 759 2612 ossa
787 2554 928 2613 combusta
957 2563 986 2612 et

72 2639 139 2716 trita
161 2655 222 2695 cum
246 2637 338 2694 butiro
361 2639 444 2694 mixta
466 2637 651 2697 combusturis
673 2639 826 2698 medentur.

145 2865 160 2912 1
181 2858 294 2914 arbores
316 2874 341 2929 p.
370 2859 415 2914 bic
432 2859 533 2928 incipit
551 2859 582 2914 d:
609 2858 731 2914 Ardores
753 2858 875 2914 febrium
899 2875 933 2914 ex
951 2874 999 2913 ore
1018 2873 1092 2911 com-

70 2936 170 2998 pressit
188 2931 255 2985 ets.
275 2947 312 2984 m.
335 2931 339 2998 Ι
366 2929 507 3000 extinguit
523 2931 645 3000 po(rb):
672 2945 724 2986 om.
743 2930 776 2984 id
794 2931 850 2999 (sod
868 2946 903 2985 ex
920 2929 1001 2983 babet
1017 2929 1057 2997 d).

70 3003 89 3055 2
109 3008 269 3071 compresse
288 3002 328 3057 id.
352 3004 357 3071 Ι
381 3001 497 3072 mitiget
513 3002 626 3072 pi(rb):
651 3002 735 3070 gont
751 3017 777 3058 o.
840 3002 1091 3069 asumptum...

73 3071 159 3141 erigit
231 3071 357 3139 obsistit,
382 3073 480 3128 tritum
553 3071 716 3142 impositum
731 3071 897 3142 ...potitur
913 3071 952 3127 rb
971 3072 1094 3140 (sumpta

73 3141 405 3213 ...erigit...obsistit
422 3159 456 3199 ex
474 3159 544 3198 corr.
558 3144 726 3212 pro-tunt
742 3143 825 3198 olom
838 3143 876 3213 d).
902 3143 907 3211 Ι
932 3141 1095 3197 obsistenti

71 3218 98 3268 et
116 3219 181 3269 ostie
198 3229 268 3269 corr.
287 3216 314 3269 d.
379 3219 545 3285 bsuperure
565 3215 676 3285 (supere
695 3214 739 3283 id)
756 3215 818 3269 oid.
883 3219 988 3282 'ixyro
1007 3211 1094 3282 colly-

71 3283 147 3338 rium
165 3301 196 3355 p,
215 3284 277 3339 xiro
296 3285 408 3340 colliriiu
425 3302 455 3353 o,
473 3284 613 3356 xyro(1iro
628 3284 800 3355 d)collirium
819 3287 853 3340 id
871 3282 1094 3354 (xirooollyrium

70 3355 129 3425 rb).
165 3361 170 3368 “
216 3357 257 3411 tit.
285 3355 512 3426 hypomelidibus
539 3356 681 3427 (Martini.
702 3373 747 3426 ap.
768 3357 880 3411 Poliod.
905 3361 994 3423 13‚1‚4
1021 3355 1094 3408 ωιάε

71 3427 143 3483 Istat
170 3430 300 3496 17‚t,12)=
329 3426 531 3496 spomelidibus
554 3427 611 3497 pici
625 3428 706 3497 (rb),
734 3427 896 3498 apomelidis
918 3443 944 3481 o.
976 3427 1011 3492 cf.
1032 3420 1094 3479 tm-

70 3497 307 3639 scotice.
680 3501 707 3555 o
733 3500 738 3567 ¹
763 3499 894 3554 suu
