2517 3925
512 166 796 235 ..44-.’

252 355 356 420 tonat.
384 342 463 403 linili
484 342 582 401 ventri
604 334 846 400 henc'moliiunt.
883 344 914 397 'et
926 337 1055 397 ocimum
1078 337 1135 396 tri·

252 444 356 508 auam.
385 440 450 493 tum
476 432 649 510 impositum
679 426 863 509 praecordiis
894 425 1025 506 prodest.
1067 442 1137 485 sex·

169 522 172 531 '
384 522 480 581 tarius
507 520 618 579 farinae
651 515 704 577 lini
731 518 867 598 seminis,
899 516 1046 575 sextarius
1072 513 1139 573 feni

386 610 497 690 graeci,
525 626 595 669 caim
616 608 683 687 pari
709 623 850 667 mensura
872 604 968 665 mellis
996 621 1034 664 ex
1061 620 1141 681 aqua

386 696 482 759 mulsa
512 695 629 758 decocti
661 695 747 756 calidi
778 696 976 773 imponuntur
1007 693 1168 771 saepius⁵

240 790 358 862 (tonso)
387 786 477 866 aliqui
508 784 623 847 malunt
658 783 781 845 feniculi
813 783 938 843 farinam
971 798 1040 842 cum
1069 780 1140 859 pari

387 892 527 935 mensura
550 872 646 935 mellis
669 873 837 951 decoquere
856 878 888 932 et
909 871 951 932 ita
973 872 1140 949 imponere.

254 975 359 1039 23,101.
388 962 511 1043 cydonia
543 963 636 1023 cruda
668 961 714 1023 vel
747 969 832 1023 cocta
859 962 954 1021 ceroti
985 957 1073 1019 modo
1105 958 1142 1016 in

387 1069 485 1131 panno
516 1050 684 1113 inlinuntur
716 1059 746 1112 et
783 1050 923 1112 calefacta
954 1046 1141 1127 praecordiis

271 1152 359 1216 aaut
388 1159 479 1221 super
505 1143 709 1220 imponuntur.
751 1140 831 1200 acori
863 1137 947 1199 radix
974 1144 1041 1197 tusa
1068 1149 1184 1195 cum1⁰

273 1240 360 1305 aona.
387 1232 456 1290 vino
484 1230 688 1291 efficacissime
711 1227 842 1307 prodest.
878 1228 904 1287 is
932 1243 1006 1305 quos
1029 1224 1143 1303 linquit

388 1320 504 1379 animus
519 1325 570 1379 aut
584 1313 737 1398 (quihus)
756 1334 841 1376 mens
855 1314 1001 1375 alienatur
1015 1312 1141 1394 quihus·

388 1424 446 1485 que
473 1408 635 1485 vertigines
661 1406 738 1466 lium
764 1403 880 1466 cocleae
908 1402 1041 1482 singulae
1069 1420 1142 1462 cum

390 1513 443 1555 sua
462 1502 539 1555 testa
553 1496 640 1556 tritae
660 1512 697 1554 ex
713 1495 794 1573 passi
817 1492 930 1573 cyathis
948 1494 1043 1553 ternis
1062 1490 1140 1551 cale·
1246 1509 1248 1566 ι

294 1587 299 1598 ’
319 1630 325 1642 .
389 1583 466 1645 facta
479 1586 599 1664 potione
613 1602 669 1663 per
683 1581 747 1643 dies
761 1580 827 1644 vm
845 1581 962 1643 dantur.
988 1583 1020 1642 in
1034 1580 1141 1640 eadem
1156 1591 1184 1631 1⁵
1247 1593 1249 1644 l

390 1673 542 1733 curatione
565 1672 657 1752 aliqui
680 1671 751 1733 dant
777 1690 832 1752 per
859 1671 923 1731 dies
951 1672 1084 1749 quinque
1108 1670 1141 1729 in
1248 1677 1250 1728 l

389 1759 494 1822 eodem
508 1761 596 1822 modo
614 1762 694 1842 passi
712 1763 810 1841 primo
829 1760 877 1821 dic
896 1758 1027 1821 cocleam
1040 1776 1142 1839 unam,
1249 1761 1251 1792 ³

390 1853 528 1930 sequenti
546 1851 635 1931 duas,
657 1853 748 1912 tertio
766 1864 820 1932 111,
844 1856 950 1928 quarto
969 1862 1010 1929 11,
1033 1849 1142 1927 quinto
1250 1845 1252 1872 ³

301 1944 317 1978 '³‘
389 1958 492 2002 unam:
525 1942 569 2001 sic
596 1941 726 2019 suspiria
751 1939 902 2001 tollentur.
943 1940 975 2000 in
994 1936 1046 2002 his
1078 1935 1141 1998 lan-
1251 1929 1253 1975 3

390 2028 534 2108 guorihus
549 2030 576 2090 si
589 2028 682 2089 lehris
696 2046 756 2088 non
776 2031 814 2091 sit
831 2030 945 2090 marina
959 2045 1036 2106 aqua
1048 2027 1142 2088 lavari
1156 2039 1186 2080 2⁰

274 2127 363 2192 30‚47.
390 2117 463 2179 utile
487 2125 541 2178 est.
578 2119 704 2193 iocineri
729 2117 852 2197 prodest
874 2119 906 2178 in
933 2116 1000 2181 ciho
1024 2118 1143 2177 viverra

284 2217 364 2281 30,44
391 2205 515 2286 porcelli
533 2207 621 2268 modo
639 2209 775 2268 inassata.
809 2205 961 2266 stomacho
982 2206 1142 2266 medentur

123 2288 365 2358 (efflare-12¹4&
392 2295 509 2356 cocleae
541 2298 567 2355 si
598 2295 665 2355 sieri
695 2302 795 2374 potest
830 2294 976 2355 africanae
999 2297 1040 2354 ·in
1072 2293 1141 2355 cibo

392 2391 541 2464 sumptae:
555 2391 726 2462 coquuntur
739 2386 867 2445 intactae
882 2402 919 2444 ex
928 2401 1017 2465 aqua,
1031 2382 1142 2445 deinde

390 2490 427 2531 ex
449 2473 555 2551 prunis
579 2480 747 2554 torrentur,
769 2480 843 2533 tunc
865 2491 902 2534 ex
923 2472 991 2533 vino
1014 2480 1045 2532 et
1067 2490 1141 2551 garo
1155 2485 1185 2526 ²5

390 2560 533 2642 eduntur,
569 2562 677 2641 impari
708 2579 833 2623 numero
866 2561 1010 2623 stomachi
1044 2559 1142 2622 dolori

274 2659 361 2722 eona.
390 2649 556 2711 medentur.
593 2659 722 2730 prosunt
744 2653 825 2738 vivae
855 2650 971 2712 cocleae
996 2669 1032 2712 ex
1055 2659 1140 2710 aceto

195 2890 321 2947 lvenhri
338 2907 356 2962 9
375 2892 456 2961 (Pl.)=
449 2893 648 2947 NJventremd
699 2892 764 2947 iel
781 2891 991 2975 inpositumd
1026 2892 1141 2947 tienn-

122 2960 245 3043 grecid.
317 2961 468 3017 tieniculi
485 2980 501 3017 r
518 2964 564 3031 (cs.
585 2963 679 3018 Marc.
693 2980 725 3034 p
746 2966 833 3047 152):
840 2963 898 3019 leni
916 2962 1037 3034 grecip,
1060 2962 1141 3018 fenu-

123 3030 245 3102 grecid.
274 3031 492 3115 809ᾱοιιίι9.
510 3033 680 3092 Gidonead
725 3034 964 3090 iillmiunturd
1011 3039 1045 3088 10
1064 3033 1143 3088 acori

124 3103 184 3158 Pl:
208 3101 296 3158 acoris
318 3104 413 3174 ndu).
487 3109 574 3160 liis.
602 3104 655 3161 His
676 3106 727 3177 qd.
801 3111 835 3159 12
853 3105 955 3175 qmbus
983 3105 1082 3160 addidi
1107 3121 1143 3160 ec

124 3173 215 3230 Marc.
232 3175 361 3245 (quorum
376 3174 441 3245 Pl..)
458 3177 561 3244 imane
574 3177 716 3234 alienetur
730 3176 775 3232 Pl.
795 3177 899 3246 (Marc.
909 3192 941 3245 p
957 3177 1042 3244 152)·
1052 3191 1141 3231 mens.

123 3246 152 3300 eh
170 3244 330 3300 alienantur
348 3246 420 3314 dlr).
481 3251 515 3300 14
535 3263 569 3301 ex
585 3249 663 3318 passi
680 3247 790 3333 cyathis
810 3269 860 3304 ..111
879 3265 902 3302 r
964 3253 998 3303 18
1017 3248 1141 3330 secundo

123 3315 169 3370 die
189 3318 272 3372 ιιι
346 3266 635 3375 n1inoiboomff'a
661 3317 1071 3403 lvivaqulviveriard,
1097 3318 1141 3373 vi-

123 3387 240 3443 verrah
245 3390 285 3457 v).
354 3393 388 3444 ιι
408 3389 553 3444 stomacho
571 3391 667 3447 medei
654 3393 707 3451 ιιι
737 3383 837 3446 Cocles
849 3390 892 3459 qd
909 3391 945 3459 (et
961 3391 1002 3445 sic
1015 3390 1140 3445 αἰαιιι.

123 3459 325 3528 stomachoque
343 3459 479 3515 medetur.
512 3459 551 3514 Et
566 3461 637 3515 item
654 3461 751 3532 siip.
767 3460 880 3516 cocleae
898 3463 964 3531 etc..)
1015 3467 1049 3516 23
1063 3459 1141 3515 affri-

29 3545 30 3550 “
123 3531 237 3585 carrad.
311 3534 345 3584 25
364 3531 540 3600 torrenturp
559 3531 829 3599 (Prienensibus
848 3533 1022 3588 assanturd.
