2517 3925
503 145 724 209 ,19-

103 313 134 365 et
155 304 211 366 alis
240 308 327 367 tritae
359 310 390 366 in
412 308 533 368 linteola
566 312 699 369 centusis
731 309 853 371 auribus

102 396 307 474 imponuntur.
345 398 457 459 nitrum
481 416 517 457 ex
539 400 608 457 vina
630 398 775 478 liquatum
797 418 851 479 pu·
880 410 985 475 31,117.

101 482 231 545 rulentis
250 484 372 545 auribus
391 486 535 547 medetur.
573 490 689 549 sonitus
711 496 741 548 et
763 490 851 549 tinni·
914 492 952 546 ib.

101 580 149 633 tus
178 568 304 635 discutit
332 576 443 635 nitrum
470 578 575 637 tritum
603 585 633 637 et
663 579 776 637 siccum
808 579 852 638 in-

76 674 241 741 asparsum
256 711 262 723 .
278 712 307 725 ..
344 682 380 724 ex
403 668 517 725 resacia
544 665 645 745 tepide
673 674 703 727 et
729 666 852 727 auribus
924 671 940 705 *
998 667 1010 681 “

99 753 268 813 inmissum.
318 754 485 833 purulentis
525 755 648 816 auribus
685 755 852 816 infunditur
880 766 984 828 uulua.

99 840 137 900 iel
162 844 245 903 tauri
268 860 337 903 carm
359 845 442 922 porri
465 846 569 904 sectivi
588 862 670 905 suco.
686 876 689 881 ·
708 847 734 904 si
757 848 851 923 gravi-
880 855 984 918 28,1‘14.

97 936 143 991 tas
167 933 209 991 sit
232 934 362 1013 aurium,
386 932 490 993 ecdem
513 932 580 993 lelle
600 952 670 994 cum
692 933 767 994 lacte
786 952 851 995 mu-

96 1018 186 1079 liebri
220 1021 399 1099 perluendac
433 1030 510 1083 sunt.
557 1025 659 1102 equini
687 1023 749 1082 limi
776 1025 851 1083 cinis
913 1025 950 1079 aa.

63 1120 84 1159 1⁰
98 1126 167 1169 cum
191 1112 309 1170 resacia
336 1110 506 1172 instillatur.
544 1130 648 1172 sevum
674 1110 759 1172 vituli
782 1130 851 1171 curn
879 1121 983 1185 aspin.

98 1198 184 1277 adipe
211 1201 325 1259 anseris
353 1207 382 1260 et
406 1202 494 1260 cchni
522 1210 608 1283 siren,
636 1201 676 1261 iel
699 1203 851 1262 taurinum
878 1209 983 1273 nullu

97 1287 142 1347 vel
173 1290 332 1368 caprinum
360 1306 429 1349 cum
455 1291 570 1350 resacia
598 1290 699 1370 tepide
727 1289 850 1350 auribus

96 1377 222 1439 inditur.
259 1376 396 1438 amnibus
423 1396 499 1457 quae
526 1381 719 1440 inmittuntur
741 1378 850 1457 tepidis
877 1388 982 1453 aaran

96 1466 247 1527 utendum
269 1474 324 1527 est.
355 1469 442 1527 urina
460 1470 525 1546 apri
547 1468 647 1548 tepida
668 1468 849 1529 infunditur:
878 1478 982 1542 28‚1‘13.

63 1564 85 1605 1⁵
98 1555 133 1616 ad
165 1556 224 1617 hes
240 1565 326 1625 usus
353 1563 488 1617 servatur
519 1559 551 1617 in
582 1560 678 1618 vitrea
705 1574 782 1617 vase.
824 1558 850 1617 si
877 1566 965 1630 napo,
1043 1630 1047 1635 ‚

98 1663 173 1724 aqua
203 1646 359 1706 intraverit
386 1648 417 1705 in
441 1645 603 1706 auriculam
631 1646 778 1727 dextram,
811 1648 849 1705 si·
899 1710 902 1717 ,

97 1735 195 1795 nistre
231 1734 307 1815 pede
345 1734 492 1794 desultare
530 1743 649 1815 oportet
685 1736 780 1814 capite
817 1737 849 1795 in
938 1807 941 1810 ¹

98 1822 238 1900 dextrum
257 1823 415 1884 humerum
428 1823 582 1906 inclinata,
605 1827 631 1884 si
644 1826 677 1884 in
689 1824 849 1904 sinistram,

99 1930 134 1973 cx
166 1912 294 1974 diverse.
336 1913 468 1991 siquod
498 1913 605 1974 animal
631 1913 787 1974 intraverit
819 1920 849 1973 et
876 1921 963 1986 aspi.

65 2003 258 2082 ²⁰inspnatur
279 2004 312 2063 in
334 2019 450 2084 aurem,
474 2003 554 2064 exire
579 2003 721 2064 ereditur.

162 2218 241 2277 vn.
268 2219 495 2277 Parotidibus.
610 2209 616 2213 ”

163 2358 244 2419 Rara
259 2358 366 2419 medici
382 2357 568 2438 parotidibus
587 2358 772 2418 curationem
785 2374 846 2437 pan

98 2446 241 2508 devocant
272 2447 308 2507 ad
341 2446 525 2528 scalpellum,
559 2465 627 2507 cum
660 2453 691 2506 et
721 2447 846 2525 reprimi

168 2660 183 2708 1
203 2654 270 2709 trite
287 2653 317 2709 in
335 2653 471 2709 lintheolo
485 2655 505 2708 cl
519 2653 599 2724 (Pl.):
618 2653 686 2726 trite
704 2652 786 2724 inlita
804 2651 835 2706 in
847 2651 1010 2721 dulcelon,
1027 2651 1114 2708 tritae

97 2727 124 2780 ct
145 2725 237 2780 illitae
259 2724 377 2780 linteolo
400 2725 437 2780 rb
465 2725 572 2793 (inlitae
599 2726 693 2794 traque
715 2739 748 2778 cx
771 2723 847 2793 ἀωρὶ.
867 2723 925 2777 lect.
943 2727 1041 2777 amum
1058 2739 1112 2779 sua

97 2797 342 2852 rocenac-eant
355 2797 392 2865 d).
434 2795 451 2850 4
463 2796 621 2866 inspersum
636 2811 701 2864 exp
718 2795 857 2864 (sparsum
870 2794 930 2861 rb)=
950 2809 1112 2862 expressum

97 2883 128 2922 ex
152 2870 178 2923 cl.
215 2869 248 2922 in
270 2868 327 2922 loco
351 2873 478 2936 corrupto
497 2868 633 2923 lacunam
659 2867 823 2936 sipnificaci.
906 2869 921 2918 t
948 2863 1047 2934 tepidi
1068 2864 1112 2937 dl

97 2941 123 2994 ai
140 2939 171 2993 in
185 2939 298 2994 auribus
311 2939 353 3008 pal
368 2939 408 3008 (in
422 2953 471 2994 om.
486 2940 541 3009 ab).
592 2937 834 3008 tprurulcnlis'd.
886 2934 1034 3006 igravida
1047 2936 1075 2990 d.

96 3015 110 3064 9
128 3010 299 3080 perluendas
317 3011 375 3079 prb
395 3009 475 3078 (Pl.):
494 3009 667 3080 perliniende
686 3010 712 3064 d.
769 3015 800 3062 11
821 3006 921 3063 occimi
939 3008 966 3062 d.
1023 3013 1055 3062 la
1071 3007 1114 3062 in-

95 3081 170 3138 ditur
196 3082 267 3152 prb:
294 3080 449 3136 instillatur
471 3083 497 3137 d.
590 3087 621 3135 17
646 3080 788 3135 desnliarc
814 3080 887 3148 prb:
916 3077 1066 3135 disenlme
1091 3080 1111 3134 d

96 3153 245 3221 (exsultare
264 3153 320 3220 Pl.)
346 3154 349 3221 l
378 3151 409 3206 in
431 3153 530 3208 dextre
552 3153 669 3207 humero
694 3153 721 3207 d.
795 3157 828 3207 18
852 3150 875 3205 ai
901 3150 932 3205 in
955 3149 1110 3204 sinisiram:

98 3224 125 3279 si
144 3224 287 3280 sinistram
313 3225 380 3292 (tre
397 3225 446 3292 dr)
470 3225 542 3293 dab,
567 3223 687 3279 Sinistra
709 3223 769 3291 (can.
790 3220 823 3292 si)
841 3239 867 3291 p.
923 3227 956 3275 19
993 3225 1022 3277 et
1040 3222 1112 3290 prb:

96 3311 144 3352 em.
163 3297 191 3352 d.
260 3297 301 3350 tit.
321 3296 362 3350 Da
381 3295 557 3365 parulidibus
574 3296 605 3350 id
624 3296 667 3349 est
688 3293 836 3349 sarcimine
854 3309 909 3365 que
928 3291 981 3347 sub
998 3290 1113 3346 auribus

95 3368 247 3422 nascuntur
260 3382 291 3436 p,
309 3367 355 3421 Ad
369 3366 511 3436 parotides
530 3365 560 3421 id
579 3368 623 3421 est
640 3364 788 3420 farcimina
806 3366 832 3420 d.
887 3369 920 3417 21
936 3361 1112 3433 parotidibua

95 3439 145 3506 pal:
164 3437 268 3492 -iidnm
287 3438 330 3492 rb.
413 3443 447 3492 22
466 3438 503 3492 ad
526 3436 694 3507 scalpellum
711 3437 812 3506 pann:
841 3452 859 3490 a
883 3434 1018 3503 scalpello
1040 3433 1084 3488 rb.
1107 3432 1112 3504 Ι

96 3525 156 3563 cnm
175 3510 205 3564 et
221 3525 253 3578 p:
274 3510 303 3563 et
321 3525 384 3564 eum
402 3510 434 3578 d,
454 3526 517 3564 eum
537 3511 599 3578 (cm.
618 3509 659 3576 ei)
677 3509 722 3562 rb.

914 3593 951 3646 2*
