2517 3925
322 293 329 307 ,
444 219 688 283 -147—

56 390 105 460 gat
133 399 169 442 ex
197 398 291 461 aquae
324 380 439 461 cyathis
466 388 608 461 mutuor
636 384 727 443 unius
753 382 868 443 denarii
894 400 968 465 pon

57 470 128 531 dere
164 471 365 551 propinatum
416 470 650 533 sorbitionibus*
667 472 794 533 mixtum
830 473 970 551 pituitam

9 548 10 559 ’
56 560 187 639 pectoris
215 558 310 621 solvit.
352 577 424 621 oum
449 558 526 621 lacte
554 561 677 639 caprino
704 567 825 623 coetum
850 560 969 623 dolores

58 648 189 728 pectoris
211 648 335 727 mitigat
372 666 390 709 a
411 649 521 710 ieiunis
544 667 580 711 ex
598 647 687 709 melle
705 657 858 730 sumptum
879 652 968 711 tussi-

32 736 178 798 ⁵entibus
202 734 331 797 saltitare
353 745 409 797 est.
508 740 510 745 ’

123 972 236 1029 m
268 973 319 1029 De
341 986 453 1029 eruca.
998 978 1044 1034 Pl.
1144 1044 1148 1058 Ι

123 1107 225 1169 Eruca
238 1106 348 1171 calidae
364 1108 493 1191 quidem,
507 1110 683 1195 nontamen
693 1109 818 1171 nimium
832 1118 967 1171 austerae
978 1055 1068 1119 Μ’

58 1198 230 1277 ignitaeque
249 1198 369 1261 virtutis
389 1205 443 1261 est.
470 1197 540 1259 inde
559 1216 700 1259 venerem
721 1200 847 1259 maxime
865 1200 968 1259 stium·
982 1192 1076 1246 Dim·

57 1286 152 1349 latin
175 1285 243 1347 cibo
263 1292 380 1364 sumpta
401 1292 432 1347 et
454 1285 636 1367 digestiones
658 1284 776 1348 adiurat
798 1294 830 1348 et
851 1289 970 1349 minam
978 1268 1068 1333 2¹⁶⁹·

56 1382 164 1435 movet.
200 1374 334 1437 lactucae
353 1393 472 1455 quoquc
492 1378 602 1455 optime
624 1378 657 1440 in
676 1374 743 1437 cibo
765 1376 913 1459 iungitur,
936 1383 969 1437 ut
979 1351 1027 1477 J
1024 1352 1059 1476 ᾖ

22 1476 45 1515 10
57 1465 151 1545 rigori
178 1481 233 1543 par
261 1464 360 1525 fervor
383 1464 530 1527 admixtus
558 1472 826 1545 temperamentum
849 1465 968 1527 salubre
1014 1465 1022 1491 ’
1060 1466 1066 1479 ‘

57 1560 225 1633 componat.
253 1571 290 1613 ex
307 1554 375 1614 tino
397 1561 468 1633 pota
490 1553 629 1616 duritiam
650 1572 758 1616 sensus
777 1563 882 1616 contra
903 1573 968 1616 ver·

56 1640 128 1702 bera
158 1641 292 1703 creditur
314 1660 402 1722 posse
425 1649 587 1723 praestare.
624 1642 788 1704 infantibus
816 1644 968 1706 tussienti-

57 1729 114 1791 bus
141 1732 174 1791 in
201 1728 269 1791 cibo
292 1730 375 1791 utilis
398 1739 452 1792 est.
495 1728 625 1792 maculas
649 1734 712 1793 cuti
734 1730 811 1792 tollit
834 1749 870 1792 ex
893 1732 968 1793 lacie

58 1836 126 1880 oum
147 1818 235 1879 melle
258 1816 355 1900 inlita,
377 1818 536 1899 lentigines
559 1819 696 1881 extrahit
732 1818 816 1881 radix
837 1820 870 1895 in
892 1838 969 1899 aqua

23 1918 45 1958 1⁵
58 1907 182 1969 decocta
210 1906 339 1969 extrahit
366 1926 434 1970 ossa
456 1925 532 1988 quae
560 1908 654 1971 lracta
681 1915 761 1971 sunt.
802 1926 905 1970 semen
932 1927 969 1970 ex

58 1999 128 2058 rino
140 2005 247 2077 potum
266 1999 459 2078 scorpionum
471 2015 585 2060 nenena
603 2000 735 2077 itemque
754 1999 856 2058 manci
875 2000 969 2059 muris

59 2085 200 2166 excludit.
243 2088 344 2165 rigras
376 2088 531 2148 cicatrices
558 2105 628 2148 cum
660 2085 727 2148 lelle
755 2085 901 2148 bubulino
933 2085 968 2146 ad

58 2172 219 2236 candorem
247 2175 372 2237 reducit.
418 2173 590 2237 conditums
622 2193 789 2253 coquorum
818 2182 880 2235 tam
904 2176 970 2252 ipsa

144 2493 317 2552 Nasturcium
344 2494 459 2552 calidum
487 2503 546 2568 est,
572 2502 601 2552 et
625 2493 736 2553 conficit
756 2511 852 2552 earnes
878 2497 917 2553 ita
938 2504 971 2552 ut
987 2504 1045 2573 (63)

21 2584 47 2624 ²⁰
59 2580 234 2654 constringat
256 2577 354 2654 llegma
376 2588 404 2635 et
430 2577 510 2637 iaciat
531 2580 715 2656 stranguriam
735 2579 765 2636 id
786 2588 830 2636 est
850 2588 969 2638 meatum

59 2665 154 2722 urinae
177 2662 304 2722 obduret.
341 2677 433 2720 semen
456 2664 516 2720 elur
535 2665 630 2721 tritum
654 2681 716 2721 ouur
738 2663 874 2721 fermento
895 2664 968 2721 duri·

58 2749 110 2804 tias
140 2763 236 2804 omnes
263 2747 337 2805 tollit
364 2755 393 2804 et
419 2748 599 2812 carbunculos
627 2757 714 2806 curat.
756 2763 849 2805 semen
876 2749 970 2804 trltum

59 2822 122 2890 cum
144 2849 214 2907 aqua
236 2832 376 2907 paniculas
398 2833 512 2908 spargit

133 3219 148 3266 1
168 3213 290 3281 quatuor
307 3213 404 3283 wo),
427 3213 532 3268 naar
553 3212 605 3280 (vn
625 3185 724 3282 em).
744 3213 748 3279 ι
768 3211 828 3268 aaa.
846 3216 931 3282 pona.
949 3188 1077 3285 ratres:

61 3282 171 3338 denarii
197 3283 264 3350 (orm
282 3283 378 3353 pond.)
407 3282 470 3354 pol.
537 3281 715 3338 alicianus
736 3283 798 3352 (aie)
819 3298 845 3339 a.
883 3283 952 3340 Poot
968 3285 1012 3340 tit.
1038 3301 1079 3344 se·

60 3355 159 3424 amatr
185 3353 285 3422 folium
311 3354 501 3412 alterumn
528 3368 590 3410 com
617 3353 929 3424 loottouoopt'tuloruan
958 3356 1080 3426 mancare

62 3427 258 3510 (rw-xum).
303 3433 319 3484 6
337 3426 430 3482 uruca
446 3441 497 3482 om.
510 3425 558 3495 pl,
571 3428 637 3494 poet
649 3422 764 3480 virtutis
777 3425 822 3480 est
838 3425 1020 3495 interatum
1031 3428 1077 3480 rb.

63 3497 301 3638 titulabit
320 3503 480 3622 titana
494 3495 840 3636 {atalanta
855 3497 906 3637 ἵζ’
932 3513 982 3553 ⁰''⁸·
1001 3495 1041 3566 θ’·

863 3652 919 3708 10*
