2517 3925
538 154 781 244 „190-

178 312 225 381 (D·
253 336 308 399 per
336 318 393 378 hoe
421 319 575 397 stypticam
602 320 701 379 inesse
729 318 920 379 manifestum
947 330 1006 399 est,
1033 319 1164 398 deinque

151 386 240 454 ²²¹⁶⁶)
255 405 487 488 praegnantibus
514 406 631 467 lastidio
659 406 862 468 laborantibus
885 409 950 467 esui
978 406 1081 468 datum
1103 416 1164 469 sto-

193 503 209 537 *
255 496 392 559 maehum
420 514 437 555 a
465 498 568 557 nausia
591 495 737 575 ¹vindieat.
762 498 884 557 ‘tritum
919 504 950 557 et
963 495 966 499 ’
980 498 1020 557 in'
1040 499 1164 576 potione

256 587 316 645 vini
339 585 441 646 datum
463 583 535 663 lieni
556 584 707 666 medetur,
734 584 865 663 querelis
890 586 1000 647 iecoris
1022 588 1166 667 occurrit,

133 708 142 723 ι
255 692 332 753 aqua
354 676 459 735 tritum
481 681 512 735 et
533 676 704 754 inspersum
722 673 830 735 umidis
848 672 1021 735 vulneribus
1044 674 1191 735 adhibe-⁵

255 771 314 823 tur.
355 762 424 823 inde
451 762 647 841 pernionibus
674 780 711 822 ex
738 780 772 823 ea
804 762 953 841 singulare
980 763 1166 842 praesidium

193 856 209 889 *
255 858 309 911 est.
337 852 443 911 cortici
456 854 604 931 austerior
617 859 724 912 natura
737 868 880 913 concessa
902 855 961 932 est',
980 869 1056 930 quae
1071 870 1164 930 quan·

167 932 241 1001 (Gal
260 948 325 1000 tum
351 938 446 1001 valeat
472 942 561 1001 etiam
588 940 625 1000 de
657 942 722 1020 ipso
750 939 841 1000 odore
871 947 1007 1001 testatur.
1047 940 1164 1002 modice

171 1006 188 1059 l.
203 1006 236 1073 α)
259 1035 396 1108 sumptus
419 1036 470 1089 aut
491 1031 606 1109 potioni
629 1028 740 1090 calidae
767 1028 879 1089 diutius
901 1031 1051 1090 inmersus
1073 1028 1164 1090 bene·
1248 1087 1250 1110 ,

256 1118 322 1177 licia
336 1124 468 1179 mattuae
483 1118 657 1197 digestionis
671 1125 821 1196 operatur.
848 1116 1072 1178 medicamentis
1087 1136 1164 1197 quae
1181 1133 1204 1171 1⁰

255 1204 409 1285 purgando
437 1208 534 1266 ventri
561 1213 777 1285 praeparantur
804 1224 895 1267 sucus
922 1208 988 1267 eius
1015 1205 1165 1268 admixtus

255 1292 434 1355 turbationis
456 1294 623 1374 perieulum
647 1294 747 1355 demit.
993 1292 996 1297 ’
1248 1360 1250 1369 ,

193 1388 208 1421 *
320 1382 369 1443 Fit
386 1401 422 1443 ex
441 1386 527 1444 eitrio
546 1382 645 1444 nobile
666 1383 832 1444 antidotum
850 1383 1060 1465 tussientibus,
1084 1384 1164 1463 quod
1248 1444 1250 1449 .

255 1472 361 1531 eximie
397 1479 503 1551 pectus
536 1480 686 1533 exonerat.
732 1472 899 1551 diaprasion
931 1471 1053 1550 quidem
1085 1472 1165 1552 apud

254 1558 387 1620 medicos
418 1560 474 1621 hoo
502 1568 638 1641 vocatur,
670 1559 723 1620 sed
755 1562 881 1621 maxima
907 1562 1003 1622 virtus
1035 1562 1101 1622 eius
1134 1563 1166 1622 in
1180 1576 1204 1615 15

255 1650 341 1708 eitrio
365 1650 526 1710 constituta
549 1657 603 1711 est.
640 1649 673 1709 id
694 1651 780 1709 varie
798 1648 919 1728 quidem
942 1649 1020 1729 apud
1043 1650 1166 1731 multos,

195 1776 200 1783 ·
254 1755 357 1797 verum
386 1737 537 1818 explorata
564 1745 595 1799 et
622 1744 742 1818 recepta
774 1738 921 1799 eiusmodi
949 1740 1166 1818 compositione

257 1826 422 1887 conficitur.
450 1828 531 1888 citrii
551 1860 592 1869 -
608 1842 659 1908 vt,
682 1825 826 1887 marrubii
847 1859 886 1869 —
906 1841 933 1908 1,
955 1826 1061 1906 hysopi
1082 1860 1122 1869 -
1144 1843 1166 1909 1,

255 1914 353 1976 inulae
377 1947 421 1957 —
444 1930 470 1997 1,
502 1914 684 1997 glycyrbizae
712 1948 755 1958 —-
778 1929 804 1996 1,
836 1917 918 1976 iunci
945 1914 1054 1977 radicis
1079 1949 1119 1958 —
1144 1930 1167 1998 1,

255 2003 336 2083 pulei
360 2004 395 2065 lo.
415 2005 466 2085 VI,
489 2007 567 2065 roris
585 2007 693 2066 marini
713 2005 756 2064 'se
775 2019 826 2085 VI,
848 2007 936 2084 pinea
958 2006 1073 2084 integra
1095 2023 1167 2086 una,
1179 2020 1203 2060 so

254 2092 400 2172 palmulae
429 2100 524 2154 tostae
552 2109 628 2176 xxi,
661 2096 775 2154 caricae
798 2107 890 2154 xxlt-
906 2094 980 2154 haec
1006 2096 1107 2154 omnia
1133 2097 1165 2154 in

256 2199 361 2260 aquam
390 2182 540 2244 fontanam
566 2183 767 2245 infunduntur
794 2191 825 2244 et
855 2181 897 2242 ibi
928 2181 977 2251 die
1010 2200 1043 2242 ae
1075 2191 1166 2243 nocte

1248 2406 1249 2435 l

222 2439 377 2508 ldeinque
392 2455 451 2510 epo:
480 2439 601 2510 denique
618 2437 730 2511 pipi).
754 2443 788 2508 ef.
807 2458 832 2497 o.
851 2448 867 2496 6
885 2441 959 2496 inde.
1027 2439 1168 2496 lSemen
1248 2448 1249 2505 l

148 2509 370 2578 praegnantibus
390 2514 418 2566 et
435 2511 455 2564 l.
478 2513 519 2566 ote
534 2513 637 2581 'iuapit
654 2513 681 2568 d.
703 2514 708 2581 1
733 2512 812 2568 assui
828 2528 854 2596 p.
916 2519 934 2566 4
952 2511 1085 2581 querellis
1102 2529 1128 2581 9.
1248 2516 1249 2523 ’

149 2586 165 2635 6
186 2595 220 2634 ex
239 2597 272 2636 ea
289 2581 359 2650 old:
379 2597 429 2636 orn.
448 2583 493 2639 rh.
510 2585 514 2652 Ι
530 2582 715 2652 praesidium:
734 2583 929 2640 remediums.
984 2589 1082 2638 7-10
1099 2584 1167 2638 hooc
1248 2530 1250 2657 l

148 2655 291 2707 contracto
308 2652 373 2708 iad
390 2651 491 2708 Cortex
509 2653 572 2710 citri
591 2671 628 2709 m.
643 2654 700 2724 dig.
714 2655 806 2710 benef.
824 2656 963 2724 operabar.
1017 2653 1088 2708 8da
1102 2653 1167 2723 ipso
1248 2672 1249 2675 ¹

148 2721 233 2777 odore
247 2724 280 2792 pl
289 2724 366 2794 (ὂψ
384 2723 446 2793 ipso
460 2724 557 2781 dolore
570 2727 615 2780 rb.
632 2727 637 2794 Ι
653 2725 703 2795 qui
719 2725 830 2781 modice
843 2726 889 2780 rb.
934 2730 951 2779 9
965 2724 1132 2779 beneficium
1147 2727 1166 2779 l.

184 2799 219 2848 10
242 2795 370 2850 maturae
394 2795 450 2866 dig.
473 2795 609 2852 beneficia
631 2798 676 2852 rb.
740 2803 772 2852 13
791 2796 839 2850 Fit
855 2800 904 2851 ete.
926 2797 992 2849 boec
1013 2811 1064 2851 om.
1082 2797 1110 2850 d.
1248 2842 1249 2849 ,

150 2869 184 2918 14
199 2865 352 2922 exhonorat
364 2867 406 2935 pl.
423 2869 427 2936 Ι
443 2867 653 2937 Di(y)aprasion
667 2867 782 2936 quidem
794 2868 840 2937 pl:
858 2867 1013 2934 lapmian,
1028 2866 1105 2948 qaod
1117 2868 1165 2921 rb.
1248 2898 1249 2903 κ

183 2939 216 2990 16
239 2936 362 2992 maxima
383 2938 431 3006 pl:
459 2939 580 2993 -merla
654 2943 688 2993 18
716 2937 877 2994 conficietur
899 2939 917 2991 l.
938 2941 943 3003 t
968 2935 1051 2991 Citris
1068 2941 1114 2992 ,Vn
1136 2954 1166 3006 p,
1248 2980 1249 2995 t

148 3004 223 3060 ciluii
232 3007 267 3074 ᾡ
278 3027 323 3064 .v1.
335 3009 357 3062 l:
373 3008 441 3064 Reci
491 3009 582 3079 cytrei
595 3009 723 3079 (cytriir)
737 3008 849 3063 unnim
862 3024 947 3063 unam
956 3008 1002 3064 rb.
1019 3010 1024 3076 1
1038 3007 1122 3077 ysopi
1129 3010 1166 3078 pl

146 3075 230 3158 (isopi
247 3080 287 3146 r),
306 3078 420 3152 hyssopi
438 3026 477 3136 ge
515 3086 548 3134 19
562 3079 658 3135 inulae
671 3096 702 3151 9:
721 3080 828 3136 enulsl
845 3079 955 3150 (enulae
973 3078 1028 3143 rb).
1045 3082 1049 3149 Ι
1064 3079 1165 3148 glycy-

144 3147 239 3204 rhraae
258 3149 346 3230 (i’lt'o.
366 3149 463 3222 dap:
482 3147 648 3275 plicyrriaae
660 3167 692 3221 p,
710 3151 855 3221 glyryreoe
869 3151 892 3219 l,
910 3148 1061 3232 gipeirinae
1079 3151 1125 3205 rb.

146 3217 430 3304 20Puleriev1.p:
449 3224 537 3292 puell
556 3225 607 3278 se‘r.
626 3243 663 3278 v1.
682 3220 1163 3291 thorismanmidwptrblz

145 3305 194 3343 om.
215 3291 232 3344 l.
250 3290 382 3359 {pineam
399 3293 540 3363 integram
557 3309 644 3348 unam
661 3295 700 3362 (.1.
718 3295 749 3363 l).
784 3291 927 3348 Palmulas
950 3294 1039 3348 tostas
1057 3291 1163 3360 (eomas

145 3359 270 3429 rb).xx1.
300 3359 411 3417 Cannas
426 3383 489 3418 .xx1.
502 3365 611 3434 plut).
644 3365 752 3419 correxi
769 3380 871 3420 cosma
917 3369 950 3419 21
969 3363 1047 3418 Haeo
1060 3361 1162 3432 (Heal)

144 3432 189 3556 og:
212 3447 284 3556 puae
298 3433 347 3558 gb.
368 3433 373 3502 Ι
396 3433 427 3488 in
449 3449 523 3504 aqua
543 3435 662 3490 fontana
677 3435 785 3506 pluit).
849 3441 883 3489 22
906 3434 1091 3490 infunduntur
1112 3434 1162 3502 pls
1248 3424 1249 3455 ¹

147 3518 213 3556 -an
227 3520 322 3558 urs.
