2517 3925
489 144 802 266 -1754

98 372 252 444 sumptum
275 366 466 444 scorpionum
490 368 520 425 et
542 382 720 427 araneorum
741 366 863 425 venenis
886 367 1009 448 resistit,

98 454 262 515 cruditates
285 452 417 514 discutit.
451 453 593 515 stomachi
614 472 734 514 morsus
757 472 794 514 ex
816 470 892 533 aqua
914 454 1007 516 calida

98 543 201 604 datum
227 542 310 602 lenit.
347 559 416 603 cum
443 542 508 604 oleo
537 550 566 603 et
589 550 673 603 aceto
701 544 805 603 tritum
835 542 1006 605 collectum·

98 650 156 711 que
181 630 283 693 sucida
302 630 367 691 lana
390 630 498 692 luxatis
521 639 551 692 et
570 633 704 692 contusis
722 630 858 711 partibus
875 632 1007 711 prodest.

164 832 356 889 mum.
388 834 438 889 De
460 831 633 889 cerefolio.
716 797 718 801 ι

55 972 68 1011 5
156 950 313 1031 ,Cereiolio
335 952 422 1030 ignea
445 952 489 1011 vis
513 958 543 1011 ct
566 953 712 1011 acerrima
731 958 786 1012 est.
818 960 917 1032 potest
936 966 1058 1034 cumps⁸
1068 968 1113 1022 Pl,

98 1040 184 1101 mede
208 1041 373 1100 conseratis
395 1039 522 1121 mederi,
544 1039 647 1101 lateris
670 1039 789 1100 dolores
806 1039 946 1102 haustum
970 1043 1113 1122 extumo

98 1132 166 1189 vino
194 1130 339 1207 mitigare.
386 1127 505 1208 quidam
532 1127 605 1189 illud
634 1127 700 1189 olco
728 1130 880 1190 incoctum
908 1109 1051 1210 acopis&
1067 1126 1104 1219 ⁸.²,'

98 1218 134 1279 ad
157 1216 328 1278 solvendam
346 1219 486 1278 iniuriam
505 1217 624 1296 frigoris
643 1219 838 1278 miscuerunt.
875 1237 913 1280 ex
932 1183 1112 1299 aquam)

97 1307 193 1368 mulsa
207 1308 345 1387 pituitam
359 1305 494 1388 resolvit,
513 1324 549 1366 ex
569 1314 653 1367 aceto
673 1305 836 1367 lumbricos
850 1315 881 1368 ct
895 1310 1007 1369 taenias

55 1417 83 1456 so
96 1396 232 1477 perimit,
254 1397 372 1456 urinam
391 1398 463 1477 ciet,
486 1404 640 1456 menstrua
662 1395 786 1475 inpellit
815 1397 919 1457 tritum
939 1416 1008 1458 cum

98 1503 167 1546 cera
199 1492 230 1546 et
266 1485 391 1563 axungia
423 1491 523 1546 vetere
560 1484 711 1564 parotidas
748 1484 884 1567 discutit,
920 1486 1008 1548 solvit

98 1591 218 1636 omnem
241 1581 398 1634 tumorem.

165 1756 374 1817 XXXVnn,
405 1758 454 1813 De
477 1755 641 1827 serpyllo.
1041 1726 1115 1805 PL*

168 1874 335 1955 Serpylium
354 1875 481 1937 calidum
495 1874 583 1937 simul
602 1882 633 1935 et
650 1873 737 1935 nobis
755 1873 828 1934 utile
842 1874 1006 1936 medicinae
1017 1824 1104 1888 20’90'
1140 1840 1143 1845 Α

102 1983 175 2026 usus
197 1966 336 2027 ostendit.
379 1968 483 2045 capitis
511 1965 629 2026 dolores
657 1971 777 2025 coctum
800 1981 836 2024 cx
865 1972 948 2026 aceto
977 1972 1008 2025 et

57 2076 84 2116 15
100 2072 170 2116 cum
192 2072 314 2116 rosaceo
337 2057 466 2134 tempori
484 2073 517 2115 ac
541 2055 633 2114 fronti
650 2052 770 2116 inlitum
788 2055 912 2132 mitigat.
945 2071 1006 2113 ser·

165 2301 327 2378 Origanum,
350 2303 404 2361 hoc
419 2311 461 2360 est
476 2301 587 2374 concis,
609 2300 727 2358 calidum
742 2310 800 2374 est,
822 2310 851 2358 st
865 2301 1006 2374 mingitur,
1039 2301 1083 2369 (cf.

97 2386 208 2444 deducit
229 2389 310 2444 etiam
333 2387 440 2463 iiegma.
478 2387 545 2444 elixa
566 2389 595 2443 in
610 2403 679 2461 aqna
700 2394 767 2461 pota
788 2385 924 2443 servorem
947 2369 1113 2442 omma·

96 2487 161 2530 nem
183 2473 322 2548 sangoinis
351 2480 380 2530 et
406 2473 524 2530 coleram
549 2473 708 2547 compescit.
743 2472 875 2530 elixatum
897 2472 955 2528 cius
977 2446 1114 2527 in¹¹¹¹²3)·

98 2571 170 2631 aqua
185 2565 262 2614 cocta
285 2558 396 2631 epaticis
417 2566 446 2615 et
467 2556 647 2614 tussientibus
669 2555 791 2631 prodest.
822 2572 855 2613 ex
870 2557 932 2612 rino
947 2554 1009 2612 ailo

56 2663 83 2703 so
98 2649 208 2698 coctum
230 2649 355 2717 potatum
376 2644 550 2717 scorpionum
574 2649 602 2698 et
617 2657 776 2698 araneorum
798 2643 869 2698 ictus
891 2641 1008 2714 mitigat.

96 2719 125 2783 in
149 2725 212 2783 oleo
234 2734 263 2783 et
277 2735 355 2784 aceto
370 2734 476 2784 coctum
498 2728 526 2784 in
547 2727 609 2782 lana
624 2725 718 2782 sucida
739 2726 889 2800 imponitur
909 2723 1008 2780 luxatis

98 2820 127 2868 et
149 2809 277 2868 fracturis
299 2811 421 2887 prodest.

97 2927 313 2936 m

60 3053 68 3082 '
100 3089 103 3094 -
173 3055 437 3120 ioraneorumpm
456 3064 584 3104 -asarnm
602 3049 688 3118 rba).
734 3046 939 3102 nereditatem
953 3046 1116 3115 timorsus

98 3120 238 3176 stomachi
251 3121 296 3177 rb.
343 3128 361 3176 4
379 3120 500 3176 lenxstis
518 3121 578 3190 (sic)
596 3136 621 3190 9.
668 3119 742 3175 ovis
754 3120 785 3174 et
797 3119 841 3174 ot:
859 3117 902 3174 vis
920 3118 964 3172 est
980 3119 1011 3172 et
1023 3119 1115 3187 stip).

134 3192 323 3263 disterisque
341 3193 358 3248 i.
414 3191 572 3258 tQuidam
589 3207 656 3247 vero
672 3190 691 3246 i.
711 3191 755 3247 rb.
778 3193 783 3258 i
804 3189 822 3246 'n
841 3189 984 3245 incoctum
1003 3189 1065 3244 oleo
1084 3205 1118 3244 so

97 3265 163 3335 pisa
181 3265 247 3334 (pro
266 3263 374 3335 acopis)
392 3264 428 3319 sd
447 3281 468 3320 s.
488 3264 505 3318 i.
569 3261 741 3318 8misonere
759 3262 808 3317 rt·
829 3263 834 3331 i
858 3259 901 3315 Ex
923 3276 998 3329 equs
1021 3262 1117 3315 sutem

98 3354 136 3390 m.
151 3336 196 3390 rb.
243 3342 259 3390 9
277 3335 370 3390 tineas
383 3336 501 3405 pout),
519 3336 620 3404 tyness
638 3335 657 3388 t.
704 3337 737 3387 10
755 3331 879 3402 impellit
894 3332 940 3386 iric
952 3347 1003 3401 poa
1022 3331 1118 3401 -pellit

99 3409 186 3476 i(rd).
208 3410 213 3476 i
238 3424 303 3461 cnm
326 3421 376 3461 orn.
397 3409 414 3462 i.
471 3411 504 3460 11
523 3407 617 3460 vetere
637 3405 702 3474 poi:
726 3403 762 3458 -ri
779 3405 824 3459 τὸ.
846 3406 851 3472 Ι
875 3401 1016 3473 solvitque
1034 3403 1080 3456 rb.

100 3486 135 3534 12
153 3480 285 3534 timorem
299 3479 359 3548 (etc)
373 3493 397 3533 o.
445 3483 478 3531 13
498 3473 659 3547 Serpyllum
672 3475 732 3546 (sio)
747 3490 793 3544 po.
816 3479 821 3543 1
846 3476 875 3530 et
887 3474 952 3546 poi:
970 3488 1021 3528 osu.
1035 3471 1081 3528 rb.

101 3556 135 3605 15
155 3567 221 3604 oum
238 3551 304 3620 pot:
324 3564 375 3622 ora.
394 3549 439 3605 rt.
683 3581 686 3586 -
