2517 3925
529 158 771 224 ..154-

247 330 399 403 sumptum
418 321 593 384 fecunditati
612 321 774 401 plurimum
792 321 951 401 adquirere
970 324 1158 383 existimavit.

246 421 354 492 purgat
375 412 477 473 ulcera
500 428 536 471 ex
559 410 646 473 melle
670 412 826 473 contritus.
862 412 894 472 in
914 409 1077 473 sorbitione
1099 414 1158 491 pti-

247 518 336 561 sanae
364 498 451 561 datus
479 497 693 561 destillationes
719 500 850 580 itemque
879 502 1000 581 tussim,
1026 496 1160 571 thoracis

174 580 185 597 “
247 590 373 652 arteriae
396 588 605 668 pulmonisque
625 590 696 649 vitia
713 589 890 669 compescit,
913 606 1017 650 vocem
1038 596 1158 671 purgat,

246 695 386 740 venerem
409 676 554 757 stimrdat,
581 694 703 737 somnos
725 676 854 739 adducit.
891 679 987 761 capita
1009 676 1056 739 bis
1080 689 1187 757 aqua⁵

184 773 200 807 *
245 773 357 827 mutata
376 774 459 827 cocta
478 765 615 827 molliunt
639 765 745 841 alvum.
782 765 886 848 eadem
904 784 980 845 aqua
999 784 1072 835 cum⁴
1088 767 1159 827 vino

246 862 316 935 pota
339 856 502 934 restringit.
965 882 969 887 ·

172 938 218 991 Pl.
315 942 432 1004 Sectilis
459 943 638 1024 profluvium
666 944 818 1023 sanguinis
846 945 938 1025 sistit,
973 950 1003 1003 et
1030 946 1158 1005 maxime

147 1014 277 1092 2⁰⁷²¹in
300 1031 436 1113 narnus,
463 1033 489 1092 si
513 1050 581 1093 eum
604 1050 712 1095 manna
738 1033 815 1092 turis
837 1041 889 1093 aut
911 1031 985 1111 galla
1008 1034 1158 1094 contritus

246 1127 335 1199 atque
352 1120 457 1182 inlitus
478 1120 674 1182 inhaerescat.
711 1138 748 1182 ex
770 1119 877 1183 abortu
899 1121 967 1201 plus
990 1122 1070 1181 iusto
1090 1135 1201 1181 san-10

137 1203 231 1260 Dione·
247 1211 368 1288 guinem
382 1208 579 1288 profluentem
599 1208 734 1270 detinere
752 1218 842 1288 potus
856 1209 940 1271 solet.
967 1207 1158 1270 Dioscorides

148 1281 234 1344 ²2¹⁷&
246 1297 282 1358 ad
301 1297 426 1359 eandem
443 1316 562 1359 causam
580 1297 719 1377 prolluvii
738 1306 854 1377 septem
868 1299 989 1360 seminis
1008 1298 1158 1377 scripulos

246 1388 327 1447 eum
342 1388 432 1465 myrti
458 1385 540 1447 bacis
568 1388 634 1465 pari
660 1386 793 1465 pondere
825 1390 857 1449 in
888 1388 1010 1468 potione
1043 1386 1158 1447 dandos

244 1482 337 1553 putat.
366 1482 469 1536 eontra
492 1477 570 1535 ictus
589 1482 751 1535 venenatos
769 1475 816 1536 vel
836 1494 905 1539 cum
923 1476 1006 1535 mero
1020 1475 1067 1536 vel
1086 1494 1157 1536 cum

245 1580 320 1642 aqua
343 1562 438 1623 mulsa
461 1582 552 1624 sucus
580 1562 667 1624 datus
694 1561 826 1644 prodest.
863 1564 916 1625 sed
939 1571 969 1625 et
992 1564 1060 1624 folia
1084 1577 1199 1624 con-1⁵

244 1653 314 1711 trita
337 1669 406 1712 cum
425 1650 512 1712 melle
531 1650 705 1712 vulneribus
729 1651 862 1731 adposita
880 1670 941 1713 non
965 1654 1063 1713 minus
1086 1671 1156 1732 pro-

244 1739 375 1801 suerunt.
420 1741 524 1815 eodem
552 1758 625 1802 suco
655 1739 791 1820 plerique
815 1759 884 1802 cum
909 1741 986 1802 laete
1016 1740 1157 1802 muliebri
1256 1755 1258 1769 ¹

245 1835 377 1889 veterem
391 1832 498 1890 tussim
512 1835 600 1908 atque
614 1829 764 1909 pulmonis
779 1831 849 1890 vitia
863 1838 1014 1890 sanarunt.
1038 1831 1158 1891 aurium

245 1934 364 1997 quoque
388 1917 506 1979 dolores
529 1936 598 1980 cum
620 1916 689 1979 selle
713 1918 834 1998 caprino
858 1918 905 1979 vel
927 1921 992 1998 pari
1015 1936 1156 1981 mensura

149 2039 151 2044 ·
244 2005 335 2067 mulsi
361 2013 619 2088 compescuerunt.
656 2007 770 2086 profuit
792 2007 894 2068 multis
921 2010 952 2068 in
981 2008 1083 2068 dolore
1107 2026 1155 2069 ca·
1171 2023 1198 2062 2⁰

244 2095 315 2174 pitis
338 2111 407 2156 curn
430 2095 592 2158 dormitum
618 2097 663 2156 ire
691 2098 845 2175 rupissent
871 2096 950 2158 idem
979 2115 1070 2158 sucus
1094 2098 1156 2158 sive

209 2283 380 2338 tcontritns
402 2283 432 2338 in
454 2300 484 2352 p,
515 2282 661 2339 contritus.
691 2283 722 2338 in
740 2283 814 2353 (inl)
837 2285 881 2354 oi,
910 2284 1046 2340 contritus
1070 2285 1158 2340 etiem

137 2349 168 2404 in
186 2368 213 2419 r,
234 2353 368 2408 contritus
386 2354 463 2408 etin
482 2356 506 2408 b.
523 2359 527 2422 Ι
546 2355 675 2424 tipsense
698 2355 853 2422 (ἥξων)
871 2358 951 2426 corr.)
969 2356 999 2426 p,
1022 2355 1158 2424 tierneo,

137 2423 256 2491 ptyssne
276 2424 293 2478 l.
339 2429 356 2478 3
371 2424 462 2479 datus.
475 2426 525 2480 rb:
544 2424 628 2480 detur
647 2424 935 2496 (.Distilletiones...)
952 2428 1014 2495 pol.
1060 2426 1159 2482 brino

136 2492 251 2560 potor:
279 2509 353 2564 eque
370 2495 490 2564 (inrum)
513 2496 558 2550 rb,
622 2501 638 2550 7
661 2497 807 2566 restringit
828 2497 892 2552 lrb:
919 2498 1093 2568 restringunt
1109 2515 1158 2568 po,

137 2562 289 2634 restinguit
311 2565 362 2619 br.
426 2573 442 2622 8
462 2565 573 2622 Sectili
591 2584 633 2636 pr.
653 2567 698 2634 (of.
717 2567 809 2638 Epir.)
827 2584 886 2638 epo:
914 2585 996 2624 sucus
1013 2570 1159 2638 (susensi)

141 2632 200 2688 cius
214 2633 383 2704 profluvium
402 2636 542 2707 (proflunii
555 2639 605 2706 po)
622 2639 677 2708 pel
690 2636 785 2708 (Ode),
809 2637 914 2694 Succos
932 2639 992 2695 eius
1010 2639 1076 2694 cisis
1095 2639 1158 2709 (sic)

123 2721 180 2782 pr.
197 2707 242 2761 sb.
273 2708 321 2762 sed
343 2709 444 2778 incipit
461 2710 549 2764 altera
570 2709 654 2763 buius
671 2710 791 2778 capituli
807 2726 879 2779 psrs
901 2711 935 2765 de
953 2727 1041 2780 porro
1057 2711 1158 2766 sectivo

136 2775 182 2842 (ec
211 2777 257 2832 Pl.
282 2781 381 2851 2031),
460 2785 491 2834 11
519 2779 645 2836 detinere
659 2809 692 2819 —
709 2781 764 2849 (12)
787 2779 918 2850 profluvii
944 2797 995 2837 ors.
1018 2783 1060 2837 rb
1093 2783 1159 2852 (qui

135 2847 236 2902 babent
253 2849 318 2918 plus
336 2849 411 2905 iusto
429 2849 564 2920 sanguine
577 2849 733 2921 profluente
751 2853 859 2921 septem
873 2857 929 2922 etc,
947 2853 1006 2908 nisi
1022 2853 1096 2922 quod
1114 2853 1156 2908 b*

136 2929 1159 3081 accressuncauncxconsecro

135 3077 300 3148 drusianae).
317 3082 322 3148 1
338 3079 452 3138 seminis
470 3077 639 3150 (σπέρματος
651 3081 714 3151 D.):
738 3080 829 3136 semis.
839 3084 905 3151 pol,
924 3084 955 3138 et
972 3083 1056 3139 semis
1074 3030 1119 3140 νζ.
1256 3134 1258 3161 ‚

137 3152 171 3201 13
189 3165 217 3217 p.
236 3166 264 3217 p.
282 3150 313 3204 in
330 3150 445 3220 potione
467 3150 575 3206 dandos
597 3151 661 3222 psri
683 3151 813 3221 portione
831 3154 954 3224 (iterem
971 3171 996 3209 r.
1052 3161 1086 3208 14
1104 3172 1157 3224 pu·
1256 3168 1257 3171 ’

135 3217 201 3273 eane
217 3220 261 3276 rb.
315 3227 347 3276 16
366 3221 450 3277 malle
468 3220 630 3277 vulneribus
647 3222 809 3292 pollOclolz
831 3224 917 3279 melle
939 3241 973 3280 so
991 3225 1156 3282 mulieribus

135 3289 181 3344 rb.
198 3290 202 3358 Ι
217 3293 334 3360 prosunt
352 3292 370 3346 l.
431 3298 462 3347 li
486 3291 614 3362 plerique
641 3309 693 3349 om.
712 3295 729 3350 l.
791 3299 823 3350 18
846 3296 954 3350 tussam
975 3296 1031 3366 poi
1057 3299 1157 3366 (supra

135 3375 161 3414 o.
180 3366 197 3414 3
219 3360 320 3418 tussim
338 3362 439 3432 iidem).
489 3370 524 3419 20
538 3364 622 3418 mulsi
631 3366 690 3434 pol
704 3364 787 3433 (Pin
805 3365 848 3420 nsi
858 3367 903 3422 rb.
919 3369 924 3436 Ι
940 3368 1123 3437 compescunt
1135 3369 1157 3423 l.

172 3431 267 3571 ittopre
286 3431 433 3558 cupiissent
445 3436 511 3503 pol:
530 3434 604 3490 irent
621 3435 668 3489 rb.
684 3438 689 3504 Ι
704 3434 781 3490 idem
798 3437 848 3491 rb:
866 3437 938 3493 Item
955 3439 1072 3507 (puncto
1090 3443 1157 3493 ante

132 3515 197 3568 poss
253 3518 305 3572 po,
360 3520 404 3558 em
429 3545 440 3558 η.
