2517 3925
526 178 770 245 —136-

249 342 355 405 breves
374 342 481 424 pilulas
501 342 719 425 deformantur,
742 360 781 404 ex
805 342 914 423 quibus
933 359 993 405 una
1009 342 1055 405 vel
1072 344 1151 425 dnae,

140 458 141 463 ¹
251 436 276 493 si
306 432 399 495 lebris
421 450 482 493 non
507 432 610 513 inerit,
639 431 719 493 dulci
742 434 810 493 vino
836 431 985 495 resolutae
1007 440 1151 513 potantur.

250 524 276 583 sl
299 524 379 583 enim
401 516 494 583 lobris
518 522 618 603 luerit,
642 539 718 601 aqna
737 522 884 583 resolutae
909 521 1069 583 dormitum
1086 540 1153 583 enn-

249 606 330 672 t'ibns
344 613 552 691 propinantur.
584 618 730 689 quantum
743 611 816 673 haec
834 613 917 691 potio
935 611 1029 673 valeat
1046 614 1156 672 utinam

153 712 158 721 ·
250 700 331 761 nulla
346 700 495 761 calamitas
513 700 661 779 coegisset
679 708 713 760 ut
726 703 931 780 experimento
944 718 1012 761 meo
1030 710 1179 761 nossem⁵

146 890 193 950 Pl·
208 895 251 961 20,
318 897 564 957 nuperum.
1228 941 1230 992 ,

177 968 218 1019 51.
319 1020 428 1081 Butam
447 1020 529 1081 valde
554 1012 726 1082 hominibus
750 1019 910 1081 salutarem
932 1028 1082 1083 testantur
1118 1029 1159 1082 tot

253 1110 384 1171 antidota
408 1108 594 1171 medicorum
621 1111 674 1189 qui
696 1108 733 1169 de
757 1111 822 1170 eius
846 1112 966 1171 nomine
988 1110 1158 1190 gloriantur.
1206 1123 1211 1128 ·

191 1208 206 1241 *
252 1197 403 1278 equibus
430 1216 525 1259 unum
553 1216 613 1259 non
641 1197 747 1259 inutile
776 1216 922 1278 exponam
949 1207 1106 1279 repertum
1131 1200 1160 1258 in

252 1290 387 1367 aegyptia
415 1286 492 1347 lovis
516 1289 635 1348 civitate
663 1294 753 1365 atque
776 1286 845 1348 inde
874 1284 977 1349 adhud
993 1287 1159 1368 Diospoliti·
1232 1307 1234 1370 p

253 1394 321 1436 cnm
336 1376 448 1436 dictum
464 1375 656 1456 diapeganon.
685 1375 870 1436 stomachum
884 1378 1005 1459 excitat,
1024 1376 1193 1456 digestio-10
1232 1373 1235 1456 't

253 1482 322 1524 nem
337 1463 555 1545 adcommodat,
576 1463 673 1525 alvum
687 1464 795 1545 mollit,
817 1464 907 1525 bilem
922 1473 1077 1546 extenuat,
1095 1467 1161 1525 vitia
1234 1485 1236 1540 l

252 1555 384 1631 pectoris
408 1552 510 1613 lateris
532 1555 643 1613 iecoris
666 1571 700 1614 ac
723 1571 831 1615 renum
849 1556 973 1633 mitigat.
1006 1556 1161 1616 coniicitur
1235 1575 1237 1630 y

253 1643 311 1702 sic:
338 1649 424 1702 rutae
443 1640 546 1702 uiridis
570 1674 612 1685 --
636 1656 688 1723 vl,
711 1640 821 1722 cymini
843 1674 885 1687 —-
905 1656 957 1725 vr,
985 1646 1160 1723 piperis-
1236 1665 1238 1720 y

253 1744 303 1811 vr,
327 1732 399 1791 nitri
423 1764 466 1773 —-
489 1745 538 1791 111.
584 1734 734 1810 cyminum
750 1739 845 1804 ¹aceto
873 1735 959 1811 prius
987 1740 1161 1810 maceratur,
1237 1757 1239 1768 ·

255 1980 315 2020 cum
342 1979 413 2038 pane
438 1963 612 2038 superposita
642 1963 797 2037 lippitudini
831 1964 977 2020 medentur
1003 1974 1032 2021 et
1060 1962 1194 2020 omnem¹⁵

257 2056 391 2105 tumorem
421 2056 609 2123 compescunt.
646 2047 736 2121 ipsum
758 2049 849 2123 apium
871 2048 957 2106 viride
982 2050 1081 2106 tritum
1107 2065 1162 2105 cor·

254 2133 314 2206 pori
349 2132 474 2190 inlricato
498 2133 544 2190 ubi
567 2134 606 2189 vis
635 2132 710 2208 quod
730 2131 832 2189 variola
848 2150 902 2190 non
925 2141 1060 2192 transeat:
1083 2135 1162 2190 iurat.

255 2234 348 2276 semen
370 2219 421 2293 apii
445 2219 539 2274 tritum
555 2227 583 2275 et
598 2217 671 2275 alind
696 2224 801 2274 tantum
815 2234 908 2276 semen
930 2220 1018 2292 aneti,
1039 2218 1165 2276 similiter

254 2319 346 2358 semen
362 2306 513 2376 yoscyami‚
537 2303 590 2378 apii
611 2320 705 2360 comae
725 2302 842 2359 medinm
865 2311 986 2376 tantum,
1009 2305 1074 2362 trita
1089 2311 1117 2360 et
1130 2303 1164 2357 ci·

255 2385 345 2458 brata,
369 2402 517 2461 conspersa
532 2404 618 2462 aqua,
641 2386 754 2461 pillulae
770 2386 932 2462 figurentur.
962 2389 984 2444 si
1008 2387 1100 2446 lebres
1121 2385 1198 2443 ad-ao

255 2469 374 2543 inerint,
398 2488 451 2527 una
473 2481 520 2528 aut
542 2471 614 2538 duae
637 2473 666 2527 in
688 2487 757 2546 aqua
773 2472 879 2529 solutae
902 2471 1023 2529 cubitum
1039 2471 1165 2528 euntibus

241 2549 370 2611 'denturt
394 2556 492 2612 mirum
515 2551 582 2634 est]

147 2902 199 2956 ,t
221 2829 428 2972 eaor
456 2829 989 2900 <³¹
1002 2830 1165 2969 εεε

150 2918 295 3043 Ιτεεοίηεὲ
311 2974 336 3028 d.
382 2972 490 3028 3eniin
509 2987 559 3027 om.
574 2973 641 3043 rial
657 2919 789 3028 resolui}
793 2973 860 3027 ord.
906 2972 1032 3027 inulla:
1051 2972 1132 3026 nulli.
1142 2986 1165 3036 r,

147 3043 255 3098 nnllam
281 3045 297 3098 d
330 3048 366 3114 (l,
395 3042 474 3100 hulla
500 3045 541 3100 ed.
570 3041 657 3113 Vm).
685 3045 690 3111 Ι
719 3043 859 3114 coegisset
885 3043 1076 3113 experimento
1104 3055 1166 3096 meo

147 3115 257 3168 novisse
281 3116 325 3170 rb.
391 3121 406 3170 ‘l
430 3117 479 3186 qui
501 3115 612 3186 potor:
641 3116 777 3184 quoerd,
836 3121 962 3170 itanum
987 3131 1038 3169 oon.
1057 3115 1075 3171 l.
1097 3118 1102 3183 Ι
1123 3129 1166 3167 ex·

148 3199 251 3254 ponam
273 3187 340 3254 pol:
368 3203 473 3256 ponam
496 3187 541 3244 rb.
606 3185 758 3242 9⁴eivitete
781 3188 867 3254 etque
884 3186 903 3241 i.
922 3202 947 3239 a.
967 3182 1165 3256 di(p)ospolim.

148 3254 255 3310 dicium
270 3256 357 3326 (dioc
371 3260 392 3327 l)
410 3258 629 3328 di(y)cpegan0n
642 3259 709 3327 pol:
737 3257 854 3313 civitate
870 3256 998 3326 Diospoh'
1015 3259 1102 3325 atque
1119 3254 1166 3308 nd·

149 3326 205 3382 huc
224 3325 403 3400 dicpeganon
421 3329 528 3384 dictum
546 3331 591 3386 rb.
622 3329 659 3396 of.
681 3329 743 3384 Gal.
763 3339 799 3387 Vl,
813 3333 874 3385 265.
885 3330 938 3382 430
956 3329 1050 3398 (atque
1066 3342 1101 3382 aa
1119 3326 1166 3380 Po.

150 3398 247 3454 Plinio
272 3398 378 3455 Oribas.
410 3405 460 3456 oet.
480 3401 527 3455 lot.
547 3401 587 3455 ed.
604 3401 672 3456 Por.
692 3405 774 3473 1529·
780 3416 812 3469 p.
830 3406 903 3470 337).
967 3405 1001 3454 10
1019 3399 1095 3468 quod
1113 3399 1167 3452 ato·

148 3471 281 3526 maehum
299 3471 336 3527 rb
361 3473 451 3540 (Ruta
469 3472 550 3526 stom.
570 3488 593 3527 e.
612 3474 673 3542 o0).
735 3477 768 3526 13
786 3471 890 3542 Recipe
908 3472 1023 3526 rutoer
1046 3472 1114 3539 (noo
1131 3468 1165 3535 b).

142 3613 149 3630 ι
223 3548 257 3596 14
275 3545 354 3599 aceto
373 3542 451 3612 prius
468 3559 525 3612 oo:
543 3541 621 3612 prius
640 3545 721 3599 coeto
741 3544 798 3598 idm
816 3542 904 3613 (prius
920 3543 952 3597 in
970 3558 1044 3611 aqna
1060 3541 1119 3609 rb).
