2517 3925
491 184 710 247 „77-

89 343 204 405 cedunt
218 346 427 423 comprimunt.
448 354 552 406 contra
566 346 757 409 collectiones
772 350 841 410 lolia
869 361 956 423 aeut.

90 432 213 493 oleastri
237 450 274 491 ex
296 435 364 494 vino
387 436 457 494 trita
479 436 682 517 imponuntur.
715 439 840 517 isquae
892 433 942 499 nb.

90 520 246 601 purganda
273 530 344 583 sunt
372 523 491 583 oleastri
519 523 588 584 lolia
616 544 653 585 ex
675 525 762 586 mede
792 527 840 587 ad·

89 609 242 672 hibentur.
280 610 381 672 ulcera
407 614 557 672 manantia
584 613 684 675 oleum
707 615 840 694 amygda·
869 628 956 690 caan

62 697 184 759 ⁵linum
218 718 288 763 cum
315 701 382 761 rino
415 709 568 780 expurgat.
608 702 658 763 lici
689 722 841 765 ramorum
868 716 973 779 natta.

90 790 189 848 teneri
208 788 347 849 cauliculi
369 791 430 850 tusi
450 792 647 869 imponuntur
668 810 737 853 cum
754 792 840 853 melle

8 906 10 973 ᾗ
90 875 244 937 ulceribus
277 895 352 955 quae
381 880 460 939 ceria
490 888 603 940 vocant.
642 884 840 961 ⁴carcinomati
869 894 964 955 ranna

89 967 116 1023 si
135 966 200 1025 sine
216 964 338 1026 vulnere
353 968 392 1027 sit
406 985 494 1045 quam
507 970 733 1047 pinguissimam
751 970 841 1031 licum
868 964 928 1031 (Om-
947 967 972 1033 r)

89 1054 245 1133 imponere
274 1053 424 1134 singulare
452 1055 618 1118 remedium
648 1066 702 1119 est.
748 1077 840 1119 nuces
867 1071 964 1132 23,148

48 1156 75 1195 ro
88 1142 245 1221 iuglandes
263 1151 434 1223 perveteres
454 1146 714 1207 commanducatae
733 1147 839 1207 ulceri-
867 1142 931 1209 (⁰m·
947 1142 972 1209 r)

88 1230 146 1292 bus
160 1230 322 1293 medentur
335 1234 499 1312 impositae.
527 1234 610 1313 glans
628 1234 755 1295 roborea
769 1238 840 1296 trita
868 1247 937 1309 243.

88 1338 159 1381 curn
177 1321 447 1399 axungiaduritias
467 1340 541 1400 quas
560 1323 717 1383 cacoethes
735 1332 841 1385 vocant

88 1417 119 1469 et
143 1417 248 1470 evocat
271 1416 302 1469 et
324 1410 475 1470 emendat:
499 1411 604 1471 melius
625 1413 652 1471 si
670 1413 710 1473 sit
731 1412 840 1473 ilicina.

86 1497 243 1559 ulceribus
272 1516 346 1577 quae
375 1505 500 1578 serpunt
524 1508 553 1559 et
584 1518 659 1578 quae
687 1502 719 1559 in
741 1502 767 1561 is
791 1520 839 1562 ex·
869 1511 947 1574 1115

45 1597 71 1637 1⁵
87 1594 232 1647 crescunt
268 1586 455 1666 spondylium
488 1605 556 1647 cnm
592 1595 660 1649 ruta
695 1588 839 1650 inlinitur.
868 1585 929 1650 (⁰m·
948 1582 973 1650 r)

84 1678 139 1756 pix
162 1674 264 1736 brittia
288 1694 357 1735 cum
380 1675 465 1736 melle
489 1676 590 1736 ulcera
611 1685 720 1756 purgat
743 1678 841 1757 explet
868 1686 957 1748 24438.

88 1772 182 1825 sanat.
212 1763 315 1825 eadem
333 1767 384 1843 pix
403 1782 471 1825 cum
486 1782 541 1825 uva
559 1782 647 1843 passa
665 1773 696 1826 et
714 1768 840 1843 axungia
867 1767 905 1821 ib.
925 1769 985 1834 (orn.
1005 1768 1030 1834 r)

86 1852 243 1914 ulceribus
262 1852 505 1932 putrescentibus
528 1852 675 1913 medetur.
711 1871 787 1931 aqua
808 1855 840 1912 in
869 1863 955 1926 24,42.

87 1961 148 2021 qua
180 1942 340 2002 lentiscum
372 1941 528 2003 decoctum
556 1948 601 2002 est
633 1940 734 2002 ulcera
764 1961 839 2021 quae

44 2042 71 2082 ²⁰
86 2039 218 2110 serpunt
244 2031 358 2091 utiliter
385 2030 533 2090 foventur.
574 2030 681 2109 pilulae
711 2031 747 2090 de
778 2030 839 2110 pla·
868 2041 955 2104 24‚44.

84 2121 168 2180 tanis
187 2126 271 2180 tusae
291 2118 451 2180 emendant
469 2125 585 2178 veteres
604 2118 781 2179 malandrias
804 2137 855 2178 ex.

84 2207 186 2268 melle.
228 2207 341 2268 hedera
368 2225 403 2267 ex
431 2209 499 2266 vino
527 2206 651 2266 decocta
677 2208 841 2286 imponitur
868 2218 956 2279 1418.

84 2299 224 2356 omniurn
247 2297 351 2374 generi
374 2295 518 2356 ulcerum.
555 2294 635 2354 idem
656 2301 788 2373 praestat
811 2301 842 2354 et
868 2302 945 2364 11131
966 2298 1026 2365 (om.
1046 2298 1071 2365 r)

82 2385 155 2458 lana
179 2383 282 2446 sucida
311 2403 347 2444 ex
369 2382 465 2444 melle.
503 2385 578 2443 cinis
607 2383 670 2442 fimi
691 2382 841 2462 pecudum
869 2395 974 2456 30,113.

164 2606 429 2676 leomprimentol.
503 2605 748 2675 iiszhispdrb.
822 2606 1108 2662 3exmellcom.d.

86 2677 276 2749 {adhibenda
298 2678 362 2732 sunt
385 2677 411 2731 d.
498 2681 514 2730 5
538 2693 602 2731 cum
625 2675 700 2731 vino.
724 2693 758 2730 ex
779 2675 846 2731 vino
869 2678 1007 2745 expurget
1028 2678 1055 2730 d.

84 2755 103 2803 7
130 2747 225 2803 cereia
246 2749 295 2816 gd.
321 2747 516 2814 t-Oarciuoma
537 2747 589 2815 pb,
614 2745 790 2801 Gar-nomenis
812 2747 840 2800 d.
899 2747 1109 2815 timponerep

84 2818 143 2887 (mi
164 2819 234 2888 Pin
261 2818 446 2887 imponc'db.
520 2822 553 2870 10
567 2818 727 2887 perveteres
748 2817 787 2887 pb
810 2816 870 2886 (M,
891 2816 962 2886 Pl.):
990 2831 1040 2870 om.
1059 2816 1106 2883 dl

84 2888 245 2944 ulceribus:
267 2887 428 2946 vulneribus
446 2889 517 2957 pdb.
590 2894 623 2941 11
642 2888 761 2942 robores
777 2888 853 2956 pdb:
872 2885 907 2940 de
925 2886 1025 2942 robore
1043 2887 1108 2940 rM.

125 2965 162 3014 12
182 2960 330 3015 cacoethes
350 2959 389 3012 M
406 2959 487 3028 (Pl.):
513 2958 682 3013 cachoethos
698 2958 740 3028 pd
758 2953 935 3027 (κακοήθως
953 2958 982 3025 b,
1005 2972 1056 3013 om,
1074 2960 1109 3027 r).

127 3037 161 3084 13
184 3032 284 3086 crocet
300 3031 352 3098 pb:
372 3029 463 3084 elocnt
476 3031 502 3084 d.
527 3028 533 3099 1
557 3029 799 3083 melius—ilicina
815 3029 870 3097 gd:
895 3044 946 3082 om.
966 3029 981 3083 b
1000 3028 1109 3098 (tMll

84 3100 183 3170 iligna
201 3101 248 3155 Pl.
300 3107 335 3155 14
348 3099 517 3154 Vulneribus
536 3100 555 3155 d
574 3102 630 3168 (sed
643 3115 781 3168 suprascr.
797 3114 866 3154 corr.
881 3099 1020 3155 ulceribus
1030 3125 1064 3145 =
1073 3102 1110 3168 p).

88 3171 150 3242 lis:
171 3169 216 3224 his
234 3172 304 3240 pdb.
361 3175 394 3225 ib
414 3169 583 3241 spondilium
601 3173 633 3240 d,
652 3169 774 3239 -deliuml
785 3171 833 3240 pb.
895 3177 929 3225 16
947 3170 1046 3225 brithia
1062 3170 1110 3240 pb,

85 3241 199 3298 brichia
221 3243 240 3296 d
263 3242 368 3310 (brutia
392 3245 426 3311 r).
500 3247 532 3295 17
558 3243 586 3296 et
609 3241 739 3297 sancini.
813 3247 847 3296 18
865 3241 1013 3297 medentur
1030 3241 1056 3295 d.

86 3319 124 3367 19
143 3312 298 3367 lentiscum
316 3314 368 3382 gd:
388 3329 450 3366 -cus
467 3313 512 3367 rb.
572 3319 604 3366 21
625 3311 782 3367 emendant.
812 3312 931 3369 Vermes
949 3311 1055 3366 tollunt
1072 3313 1113 3376 (et

84 3383 156 3439 add.
178 3384 207 3452 d)
225 3383 366 3438 Malatusa
385 3383 470 3451 (mma
487 3385 551 3438 tusa
564 3383 613 3453 db)
633 3399 667 3437 ex
684 3383 768 3437 melle
781 3383 846 3452 pbd
863 3383 982 3452 (correxi
999 3399 1033 3436 ea
1052 3382 1111 3434 Pl:

85 3456 181 3510 totum
199 3469 249 3510 om.
270 3455 324 3520 M..
347 3455 446 3510 ultimo
463 3453 702 3510 veteres-melle
724 3469 775 3508 ora.
794 3456 830 3521 r).
904 3460 937 3508 23
961 3450 1111 3521 generibus

86 3525 222 3580 ulcerum
239 3541 269 3594 9,
288 3542 393 3595 genera
410 3524 551 3580 ulceribus
570 3526 589 3580 d
607 3526 683 3592 (hacc
701 3540 751 3580 orn.
771 3526 805 3594 b).
