2517 3925
468 192 711 255 -115-

195 345 220 399 V
246 344 330 401 Potio
349 346 386 401 ad
404 347 530 402 dolorem
549 348 687 403 stomachi
705 348 809 418 splenis
826 352 856 404 et
874 352 965 421 epatis

180 416 218 470 VI
245 417 290 471 Ad
309 418 531 473 caleiacIendum
553 420 729 475 stomachum
753 421 842 482 etad
864 421 1011 491 angustias
1034 424 1093 480 eius

168 486 220 541 VH
246 488 293 542 Ad
311 489 525 544 confortandum
544 492 721 546 stomachum
821 508 829 529 ·

154 557 221 613 VIII
246 560 292 613 Ad
311 559 498 631 digestionem
516 562 656 617 stomachi

179 629 218 683 IX
245 630 291 683 Ad
308 630 453 685 festidium
470 633 608 687 stomachi
626 634 711 689 etad
729 634 932 689 carbunculum

192 700 217 753 X
244 700 341 826 Ξὲύνὶε
355 702 553 827 admtlensuram
568 704 707 759 stomachi
721 706 767 761 vel
781 705 818 761 ad
834 706 1021 762 defectionem
1035 705 1093 762 sive

301 789 377 827 vomu

179 842 217 896 XI
244 843 290 897 Ad
309 842 463 914 singultum
482 847 511 899 et
528 846 666 901 vomitum

165 912 217 967 XII
243 914 290 968 Ad
308 914 436 970 ardorem
454 916 592 970 stomachi
611 920 641 971 et
658 918 735 972 sitim

152 983 218 1038 XIH
245 985 291 1039 Ad
310 986 402 1041 cordis
421 986 546 1042 dolorem

138 1053 218 1109 XIIII
245 1057 292 1110 Ad
310 1056 402 1112 cordis
419 1058 532 1127 pulsnm

164 1125 216 1180 XV
243 1127 289 1181 Ad
309 1127 535 1197 praecordiorum
554 1129 681 1184 dolorem

150 1196 216 1252 XVI
243 1198 288 1252 Ad
306 1198 426 1269 ligulam
444 1202 474 1254 et
491 1200 629 1255 vomitum

140 1267 219 1323 XVII
246 1269 292 1323 Ad
311 1286 379 1340 epar

124 1339 217 1394 XVIII
243 1340 290 1393 Ad
307 1342 434 1411 splenem

149 1410 216 1464 XIX
243 1411 288 1466 Ad
307 1428 338 1467 os
356 1412 462 1467 ventris
481 1413 677 1487 stringendum

163 1482 216 1536 XX
243 1482 289 1536 Ad
306 1483 410 1537 ventris
428 1484 554 1539 dolorem
572 1487 601 1539 et
621 1484 679 1540 alie
697 1485 768 1541 vitia

149 1552 215 1607 XXI
242 1553 288 1607 Ad
306 1553 459 1609 lumbricos
476 1557 505 1613 ct
521 1556 612 1611 tineos
631 1557 771 1611 necandas

137 1624 216 1680 XXII
242 1624 288 1679 Ad
306 1626 429 1680 tormIna

125 1695 219 1751 XXIII
245 1696 291 1750 Ad
308 1698 436 1751 ventrem
453 1699 668 1767 temperandum

110 1767 218 1822 XXIIII
245 1768 291 1821 Ad
308 1770 466 1823 tenesmum

8 1865 34 1903 ;·
138 1837 218 1892 XXV
245 1838 291 1892 Ad
310 1837 431 1894 coleram

8 1908 9 1915 ’
124 1907 217 1964 XXVI
244 1910 291 1964 Ad
309 1909 451 1966 cellacos·

110 1981 217 2036 XXVII
244 1981 290 2035 Ad
307 1981 413 2036 fluxum
430 1980 537 2037 ventris
556 1981 750 2052 stringendum

97 2051 219 2106 XXVIII
245 2052 291 2106 Ad
309 2051 502 2107 distentor-icoc

124 2121 217 2177 XXIX
244 2123 290 2177 Ad
308 2122 502 2178 dissenteriem
520 2125 550 2178 et
566 2123 743 2178 lienterieam

135 2194 216 2248 XXX
243 2194 289 2248 Ad
307 2193 374 2249 colli
394 2194 521 2249 dolorem

121 2265 215 2319 XXXI
242 2265 288 2319 Ad
305 2264 433 2320 intestini
450 2265 566 2320 vulnera
585 2265 774 2321 condilomate
791 2268 904 2321 usturas
920 2269 949 2322 et
968 2268 1089 2338 ragades

108 2336 216 2391 XXXII
243 2335 288 2389 A'd
306 2335 440 2392 intestina
456 2337 541 2407 rupta

94 2406 216 2461 XXXIII
243 2407 288 2461 Ad
306 2408 391 2476 yleon
641 2462 647 2472 ,

79 2477 213 2532 XXXIIII
241 2477 286 2532 Ad
304 2478 401 2533 lateris
420 2478 547 2534 dolorem
564 2479 594 2533 id
612 2481 656 2534 est
674 2479 825 2550 plereusim

105 2547 213 2602 XXXV
241 2547 286 2602 Ad
304 2551 445 2604 costcmm
462 2549 614 2605 fracturam

97 2618 217 2673 XXXVI
244 2619 290 2672 Ad
308 2619 418 2675 lumbos
437 2620 563 2676 dolentes

84 2689 216 2744 XXXVII
244 2691 289 2745 Ad
307 2707 405 2746 renum
423 2691 548 2746 dolorem

70 2760 216 2817 XXXVIII
242 2761 288 2815 Ad
306 2763 415 2817 vesicae
434 2762 559 2817 dolorem

97 2831 217 2887 XXXIX
244 2831 290 2886 Ad
310 2833 449 2887 caleulum

164 2903 214 2958 XL
242 2903 288 2957 Ad
306 2903 538 2959 incontinentiam
556 2905 654 2960 urinae

150 2974 214 3028 XLI
241 2974 287 3028 Ad
304 2976 488 3030 verendorum
510 2975 581 3030 vitis
604 2976 628 3030 si
651 2976 808 3032 formicatio
834 2976 934 3032 situel
954 2993 1087 3033 verrucae

136 3045 221 3100 XLII·
241 3045 287 3099 Ad
304 3045 391 3101 testes
409 3048 494 3116 etque
512 3046 629 3102 ramiees

123 3116 214 3182 XLIII
241 3115 286 3170 Ad
304 3115 422 3187 inguine

108 3186 215 3241 XLIIII
242 3187 288 3241 Ad
306 3186 496 3258 intertrigines

138 3257 215 3312 XLV
242 3257 288 3312 Ad
306 3275 402 3328 seyam
459 3277 467 3284 ·

121 3327 213 3384 XLVI
240 3329 287 3383 Ad
305 3345 391 3385 coxae
409 3329 535 3385 dolorem

108 3399 213 3454 XLVII
240 3399 286 3454 Ad
304 3400 496 3470 geniculomm
514 3401 639 3456 dolorem

95 3471 213 3526 XLVIII
240 3470 285 3524 Ad
302 3470 437 3526 tibiarum
455 3471 579 3527 dolorem

121 3541 212 3596 XLIX
241 3541 286 3595 Ad
304 3541 426 3598 talorum
445 3543 570 3598 dolorem
