2517 3925
549 214 589 223 —-
640 177 704 249 114
750 212 791 221 »-

217 334 308 388 XXXI
337 334 382 390 Ad
400 334 517 391 vulnera
536 334 591 388 oris
609 333 669 388 siue
686 334 825 388 tumorem
843 332 1022 403 gingivarum

203 404 308 459 XXXII
335 406 380 460 Ad
402 404 579 477 putredinem
602 404 659 459 oris
681 403 795 475 linguae
819 403 878 459 sive
900 403 1012 473 palatus
1034 406 1065 459 et
1090 405 1189 476 glugi-

334 493 434 531 rarum

189 547 308 601 XXXIII
334 548 379 603 Ad
396 549 515 604 fetorem
533 546 589 602 oris

177 618 309 673 XXXIIIl
335 619 379 674 Ad
398 635 429 674 os
448 619 600 675 salinosum
619 620 649 673 et
666 617 806 688 lippidum

203 689 308 744 XXXV
335 690 429 746 Ades
448 690 572 746 etlabia

190 760 309 814 XXXVI
335 761 380 816 Ad
397 760 524 816 dentium
541 762 667 816 dolorem

177 831 308 885 XXXVII
335 832 379 888 Ad
399 832 496 887 dentes
513 832 623 887 laxatos

164 902 308 957 XXXVIII
335 903 381 958 Ad
399 903 525 958 dentium
543 903 693 959 molarium
711 903 837 959 dolorem

187 972 305 1028 XXXIX
332 974 377 1029 Ad
395 974 494 1029 dentes
511 973 627 1029 vitiosos
645 973 692 1031 vel
710 990 793 1030 cavos

256 1046 304 1100 XL
332 1044 377 1099 Ad
396 1044 582 1101 dentifritium
601 1047 631 1100 et
649 1045 746 1101 dentes
764 1044 897 1099 candidos
918 1044 1063 1100 faciendos

242 1116 306 1171 XLI
332 1116 378 1171 Ad
395 1116 493 1173 dentes
511 1116 633 1172 molares
651 1116 698 1173 vel
720 1117 756 1171 sd
774 1132 870 1171 omnes
888 1116 921 1170 ut
943 1115 1002 1171 sint
1023 1115 1189 1186 incorrupti

230 1187 306 1242 XLII
332 1188 378 1242 Ad
396 1187 557 1243 dentionem
574 1188 687 1258 quando
705 1187 827 1243 infantes
846 1186 977 1242 dentiuut
1090 1227 1093 1231 -

216 1258 307 1313 XLIII
333 1258 378 1313 Ad
395 1275 480 1314 uvam
499 1257 686 1315 distillantem
704 1260 734 1313 et
751 1258 788 1313 ad
806 1258 900 1313 fauces
918 1259 1060 1313 tumentes

202 1330 307 1385 XLIIII
333 1329 378 1384 Ad
396 1329 561 1400 sanguinem
579 1347 613 1384 ex
631 1329 759 1399 praecisa
775 1345 832 1384 uva
848 1328 968 1383 nimium
984 1328 1123 1384 fluentem

230 1400 306 1455 XLV
333 1400 379 1455 Ad
395 1402 479 1456 tolles
498 1402 528 1455 et
545 1400 674 1456 tonsillas
691 1401 881 1471 reprimendas

219 1471 308 1527 XLVI
334 1471 380 1526 Ad
397 1471 522 1527 faucium
540 1472 667 1527 dolorem

203 1542 307 1597 XLVII
334 1542 379 1597 Ad
396 1543 491 1598 fauces
508 1542 699 1613 limpidandas

190 1612 306 1669 XLVIII
333 1613 379 1668 Ad
396 1616 521 1669 usturam
539 1612 629 1683 palati
648 1614 706 1669 sive
724 1614 848 1669 faucium

215 1683 305 1739 XLIX
333 1684 378 1739 Ad
396 1685 512 1740 vulnern
530 1684 654 1740 leucium
672 1687 772 1755 aperta
841 1716 850 1724 ·

284 1755 307 1809 L
335 1755 381 1809 Ad
399 1772 542 1827 synangen
561 1755 663 1812 eteris
681 1756 798 1811 vulnera
816 1759 845 1811 et
863 1755 981 1826 anginas

269 1827 307 1881 LI
335 1825 479 1883 Confectio
498 1827 642 1882 diamoron
660 1843 732 1895 quae
745 1827 817 1882 fucit
829 1827 866 1882 sd
883 1829 1025 1882 tumorem
1042 1826 1187 1883 faucium:

334 1898 389 1953 cris
408 1899 525 1953 vulnera
544 1898 573 1953 et
590 1897 708 1981 anginas

254 1970 304 2024 LII
332 1969 377 2024 Ad
394 1970 556 2040 ungendum
575 1986 693 2042 anginas

241 2042 306 2096 LIII
334 2039 477 2096 Confectio
497 2040 636 2095 arteriaca
652 2041 690 2112 ad
708 2041 886 2096 raucedinem
905 2041 983 2096 vocis

229 2111 306 2166 LIIII
333 2111 378 2166 Ad
396 2111 480 2182 gulae
499 2114 529 2167 et
547 2111 662 2167 cervinis
680 2112 806 2168 dolorem

258 2183 308 2238 LV
335 2182 379 2236 Ad
398 2183 528 2238 humeros
546 2181 662 2238 bruchIa
678 2184 710 2239 et
725 2200 825 2238 manus
842 2183 952 2239 cuLItos

240 2254 304 2308 LVI
331 2253 376 2308 Ad
394 2270 507 2309 nervos:
527 2255 656 2322 scapulas
676 2256 704 2310 et
722 2253 758 2308 ad
776 2253 872 2308 omnia
955 2276 963 2294 r

232 2325 308 2379 LVII
335 2324 380 2378 Ad
398 2325 520 2393 pectoris
538 2325 663 2379 dolorem
998 2363 1003 2371 .

214 2395 304 2449 LVIII
331 2394 377 2449 Ad
394 2395 494 2449 tussim

240 2466 303 2520 LIX
329 2465 374 2519 Ad
392 2465 571 2520 tussientium
590 2465 767 2536 antiquaret
784 2467 931 2523 diuturnas
949 2465 1123 2523 valitudInes

256 2537 306 2591 LX
334 2535 444 2591 Oximel
463 2537 499 2590 ud
517 2537 619 2607 flegma
637 2537 787 2593 incidenda

242 2607 306 2662 LXI
333 2608 377 2662 Ad
395 2607 520 2676 ptysicos

228 2679 306 2734 LXII
332 2678 379 2732 Ad
396 2679 550 2748 synthesim
1250 2688 1252 2797 I

215 2750 305 2806 LXIII
331 2749 377 2804 Ad
395 2750 560 2820 sanguinem
579 2753 740 2806 excreantes
759 2753 789 2807 ct
805 2749 930 2821 ptysicos
949 2749 1065 2806 effectos

202 2822 305 2877 LXIIII
332 2821 378 2874 Ad
395 2820 560 2891 sanguinem
578 2821 737 2877 reficientes
1249 2880 1250 2889 χ

200 2911 203 2918 ·
232 2893 308 2948 LXV
334 2892 379 2946 Ad
399 2908 446 2947 eos
465 2893 514 2961 qui
533 2893 697 2962 sanguinem
711 2894 758 2948 vel
776 2893 811 2947 de
829 2891 974 2948 stomacho
992 2893 1039 2947 vel
1056 2893 1093 2949 de
1107 2911 1184 2949 vens
1248 2912 1251 3013 I

332 2962 401 3018 satis
421 2962 554 3018 emIttunt

469 3135 587 3205 capite
609 3134 690 3192 libri
712 3136 864 3192 secundi,

291 3247 305 3299 Ι
331 3246 377 3301 Ad
394 3247 539 3318 pulmones

277 3317 304 3371 Π
331 3316 377 3371 Ad
396 3319 546 3390 suspirium

268 3387 307 3440 ΙΠ
334 3390 380 3443 Ad
397 3389 539 3446 mamillae
557 3389 688 3445 nucleum
706 3392 735 3445 et
753 3406 883 3444 cancrum
905 3453 907 3457 4

252 3458 307 3512 IIII
334 3461 380 3514 Ad
403 3460 527 3516 dolorem
545 3461 684 3516 stomachi
701 3477 765 3516 cum
783 3460 891 3516 accidia
909 3463 939 3515 et
960 3477 1064 3516 nausea
1088 3464 1118 3517 et
1141 3463 1180 3517 ad

330 3531 504 3586 inflationem
524 3535 553 3586 et
570 3531 756 3587 defectionem
1246 3540 1247 3543 ’
