2517 3925
514 232 758 298 ..204-

305 436 409 495 LVII.
442 437 492 494 De
513 449 612 493 nuce.

155 548 218 607 (iat.
308 556 376 619 Nux
400 556 503 617 viridis
521 562 626 635 utpote
646 554 743 617 adhuc
766 555 929 633 aquatioris
952 556 1067 615 umoris
1091 563 1151 635 sty-

138 626 322 725 Vi⁶¹⁰ptiea
345 652 377 706 et
395 644 502 723 irigida
525 640 635 706 virtute
659 651 809 705 censetur.
844 650 945 723 potest
966 643 1097 722 denique
1120 652 1152 705 et

165 780 204 835 Pl
240 732 392 796 stomacho
415 733 526 813 aliquid
548 734 660 812 vigoris
687 733 845 813 adquirere
869 739 900 792 et
921 739 1056 793 ventrem
1080 750 1150 794 cum

147 821 225 907 237‘7
240 841 311 904 garo
335 829 453 903 sumpta
475 822 599 883 mollire.
627 840 722 884 nuces
741 823 837 882 siccae
858 821 934 882 duae
955 839 1024 883 cnm
1043 823 1151 882 caricis

145 896 226 993 (14'9).
242 911 357 973 duabus
376 917 407 972 et
424 912 529 991 viginti
546 918 631 971 rutae
651 909 730 970 loliis
744 909 844 970 addito
859 908 929 970 salis
947 926 1039 989 gram
1060 909 1182 970 simul⁵

243 1008 453 1061 conteruntur:
484 999 574 1062 nullis
596 1000 719 1060 venenis
746 1000 875 1079 opprimi
901 999 1012 1078 poterit
1039 1014 1075 1057 ea
1101 999 1149 1060 die

240 1105 298 1167 qua
329 1090 456 1167 quisque
487 1091 607 1150 ieiunus
640 1089 797 1166 acceperit.
832 1088 920 1148 inter
946 1086 1087 1148 kalendas
1119 1096 1151 1148 et

177 1180 192 1214 *
237 1176 306 1239 idus
332 1177 419 1238 iulias
442 1185 563 1239 centum
590 1194 717 1237 numero
744 1193 838 1237 nuces
865 1178 966 1237 statim
988 1185 1023 1236 ut
1049 1174 1153 1237 arbori

239 1265 375 1346 demptae
408 1272 478 1327 sunt
509 1268 620 1328 cortice
654 1264 833 1327 adhaerente
865 1272 1053 1343 quassantur.
1102 1264 1151 1325 iris

239 1354 441 1415 admiscentur
469 1353 606 1416 aluminis
635 1356 721 1414 scissi
748 1353 841 1414 librae
868 1361 931 1413 tres
958 1361 989 1413 ct
1016 1356 1047 1413 in
1070 1370 1149 1413 noro
1164 1366 1197 1404 ιο

239 1441 322 1503 fictili
344 1458 413 1501 vaso
436 1450 597 1521 ponuntur.
645 1441 832 1521 superhaec
859 1441 1060 1503 infunduntur
1090 1439 1151 1502 olei

239 1528 310 1589 boni
332 1527 424 1589 librae
453 1537 515 1591 tres
538 1539 570 1591 et
592 1530 751 1609 diligenter
773 1533 805 1590 in
831 1531 898 1592 loco
922 1546 1019 1609 neque
1046 1530 1151 1589 umido

239 1636 337 1697 neque
359 1619 486 1679 nimium
504 1620 584 1680 sicco
603 1618 782 1681 obruuntur.
818 1626 887 1699 post
905 1621 1066 1698 nonaginta
1083 1618 1151 1679 dies

239 1706 352 1767 dabunt
387 1706 486 1769 oleum
522 1707 602 1787 quod
638 1707 795 1769 fluentium
832 1707 1007 1788 capillorum
1043 1707 1151 1769 damna

239 1796 385 1857 restituat.
1164 1810 1194 1850 ιε

240 2047 319 2103 tritae
335 2061 396 2103 curn
412 2043 492 2102 melle
508 2043 608 2102 ieiunis
630 2044 810 2102 tussientibus
826 2044 904 2102 datae
920 2050 1046 2118 prosunt.
1079 2061 1150 2118 aqua

239 2131 267 2188 in
290 2146 342 2206 qua
357 2136 453 2186 coctae
475 2127 578 2186 luerint
599 2129 679 2186 datur
694 2131 820 2188 coeliacis
841 2130 1021 2205 dysentericis
1043 2136 1072 2187 et
1085 2146 1149 2185 san·

239 2214 350 2291 guinem
372 2215 561 2288 expuentibus.

304 2347 353 2400 De
370 2348 503 2400 boleno.

163 2426 220 2495 (8⁶)
302 2438 461 2495 Balanorum
489 2439 602 2516 glandes
625 2404 724 2495 virides
750 2439 904 2512 stringunt,
932 2448 1026 2496 coctae
1048 2440 1149 2496 minus.

238 2520 450 2599 indigestionem
472 2523 584 2580 iaciunt.
622 2523 725 2580 fluxum
747 2538 854 2581 omnem
876 2525 1077 2598 constringunt.
1164 2541 1196 2581 ao

612 2297 773 2306 ...—

611 2641 773 2650 ..α-ι..-

162 2694 220 2763 (st)
304 2696 447 2771 iuglandes
470 2713 554 2754 nuces
576 2695 712 2752 rotundae
727 2695 824 2753 virides
847 2704 944 2770 utpote
958 2697 1046 2755 adhuc
1067 2713 1151 2771 aqua-

239 2783 318 2840 tioris
338 2781 476 2853 humoris,
504 2781 637 2856 stypticae
659 2789 688 2838 et
713 2779 828 2856 frigidae
850 2782 957 2838 ruentis
979 2789 1052 2840 sunt.
1090 2790 1150 2838 sto·

203 3024 217 3071 1
237 3021 337 3088 utpute
354 3037 379 3090 p.
397 3020 517 3088 {utpote
534 3017 668 3088 aquatico
685 3017 802 3088 stiptica
818 3024 865 3074 cte.
884 3020 910 3074 d.
928 3021 932 3088 Ι
948 3017 1041 3072 odhuc
1058 3033 1110 3076 om.
1130 3019 1152 3072 l.

166 3095 183 3142 2
201 3087 300 3144 Potest
315 3091 409 3161 gelde
427 3090 531 3145 Potens
548 3091 593 3144 rb.
649 3097 666 3144 3
684 3090 831 3160 adquirere
847 3091 959 3160 godet).
1017 3094 1035 3142 4
1053 3088 1152 3143 Nuces

130 3161 226 3214 sutem
243 3176 265 3216 s.
284 3162 330 3216 rb.
385 3166 464 3218 dxx.
483 3162 522 3215 cl.
540 3163 544 3230 Ι
560 3176 585 3216 a.
605 3177 693 3231 grano
711 3161 778 3216 sciis
796 3162 823 3216 d.
873 3159 1047 3229 6nnllisqus
1065 3160 1111 3213 rb.

132 3236 147 3284 t
168 3229 193 3284 d.
213 3246 270 3298 qun
288 3232 406 3301 quisque
424 3232 515 3302 gold:
539 3231 565 3288 d.
583 3230 711 3301 quisquis
728 3233 774 3288 cd.
800 3234 805 3301 Ι
829 3232 964 3287 kalendas
981 3247 1012 3300 g,
1035 3230 1069 3283 ki
1085 3247 1110 3284 o.

130 3305 147 3354 8
164 3299 248 3354 iulius
265 3317 295 3371 g:
314 3302 404 3372 iulo,
423 3302 485 3357 iulii
504 3303 613 3372 lopo).
684 3308 717 3357 10
735 3302 814 3358 scissi
831 3304 943 3372 poldflt
963 3299 1061 3357 schistn'
1078 3302 1124 3355 rb.
1145 3301 1150 3372 l

127 3369 181 3428 ho.
199 3391 242 3426 111.
260 3375 314 3442 pot
332 3373 429 3442 (libres
448 3394 498 3428 nu.
516 3373 627 3444 ditio
645 3391 672 3429 n.
692 3390 758 3429 vasa
776 3373 858 3428 fictili
875 3375 902 3428 d.
958 3378 1151 3441 livasopv:

129 3459 197 3498 ruse
214 3444 323 3514 tdtrd).
349 3447 353 3508 l
378 3443 572 3499 diffunduntur
595 3445 636 3500 ld.
704 3451 739 3500 12
761 3443 812 3500 ho.
831 3465 873 3499 111.
891 3445 976 3514 gold.
1001 3445 1007 3512 Ι
1030 3443 1061 3497 in
1084 3442 1151 3497 loco

129 3512 247 3569 humido
265 3515 292 3570 d.
347 3520 381 3568 13
400 3514 487 3571 nimio
506 3517 533 3571 d.
597 3521 630 3570 14
649 3516 772 3586 dnmpnn
789 3518 815 3572 d.
876 3520 909 3570 16
928 3513 1061 3571 restitum
1077 3514 1152 3586 pleiz

25 3657 30 3666 Ι
130 3583 199 3638 duit
216 3585 261 3639 rd.

1253 601 1256 688 l
