2517 3925
547 161 790 227 -152-

165 354 253 494 25713·
330 364 474 422 xvnn.
505 363 554 422 De
576 378 754 439 papavere.

331 484 432 565 Capita
464 487 530 547 eius
562 493 593 546 ct
621 483 692 545 folia
718 483 841 545 decocta
873 486 1028 547 meconion
1059 484 1169 547 faciunt

202 580 217 614 *
263 574 526 655 medicamentum,
549 581 654 635 contra
676 591 711 633 ea
729 574 865 653 corporis
883 574 954 637 vitia
975 591 1052 652 quae
1073 574 1165 638 medio

263 664 362 743 rigore
396 662 524 725 sananda
556 670 636 723 sunt.
681 680 772 723 sucus
805 679 876 725 cum
907 680 1031 724 rosaceo
1061 664 1166 725 mixtus

263 750 396 816 dolorem
423 753 541 813 aurium
559 752 682 830 mitigat
718 750 787 811 folia
809 750 933 815 decocta
950 758 981 813 et
999 769 1068 814 cum
1091 769 1165 812 rosa·

263 857 316 903 ceo
335 842 407 902 trita
423 837 535 903 morbis
549 838 758 905 articularibus
772 841 882 919 optime
896 839 1073 903 inlinuntur.
1095 851 1190 920 aquit
1240 881 1244 889 ‚

263 928 357 989 foveri
378 931 410 988 in
433 946 491 1008 qua
513 946 693 1008 papauerum
717 930 814 1007 capita
844 926 967 990 decocta
985 936 1056 991 sunt
1073 928 1167 1008 vigilia

262 1016 367 1081 morbo
394 1016 597 1079 laborantibus
619 1018 751 1096 itemque
775 1036 812 1080 ex
839 1015 953 1097 epilora
978 1016 1168 1097 lippientibus

200 1112 215 1144 *
260 1106 392 1186 prodest.
429 1124 532 1167 semen
554 1107 660 1177 tritum
677 1124 747 1167 cum
764 1113 849 1168 aceto
867 1112 898 1167 et
920 1105 1007 1167 melle
1025 1124 1087 1170 uon
1108 1124 1167 1167 mo·

200 1200 215 1233 *
262 1194 360 1259 dicam
392 1194 576 1261 tumentibus
608 1212 696 1274 opem
727 1202 867 1275 praestat.
909 1202 1013 1256 cortex
1041 1194 1168 1259 cardicu-

200 1290 216 1324 *
261 1282 359 1345 lorum
387 1291 531 1347 contusus
563 1291 594 1345 et
620 1283 760 1345 redactus
786 1286 819 1347 iu
845 1283 1000 1363 pulverem
1031 1283 1168 1363 mellique
1181 1297 1202 1335 n

261 1374 428 1450 permistus
450 1372 578 1435 sordidis
601 1371 776 1444 vulneribus
797 1372 911 1437 utiliter
934 1374 1097 1452 inponitur.

200 1468 216 1501 *
327 1459 382 1523 list
399 1468 430 1521 et
448 1460 583 1525 silvestre
602 1461 714 1523 modici
735 1463 840 1541 capitis
862 1469 893 1523 et
914 1478 974 1523 non
993 1464 1036 1521 ita
1055 1462 1169 1523 fruticis

154 1596 170 1629 ,
221 1597 250 1650 P
263 1547 344 1630 elati,
377 1548 457 1627 quod
489 1550 565 1609 miro
592 1568 651 1610 usu
683 1548 820 1611 faucibus
852 1552 884 1609 in
916 1557 1033 1611 tumore
1066 1551 1168 1632 positis
1244 1567 1245 1570 ’

169 1597 413 1723 {ssf’w'asperatas
440 1640 568 1699 arterias
597 1645 690 1699 sanat.
730 1638 763 1699 lit
794 1657 830 1699 cx
858 1657 894 1699 eo
922 1638 1168 1700 medicamentum

169 1710 341 1809 pinques
364 1722 472 1787 medici
494 1734 615 1788 auctore
640 1725 805 1807 Chrysippo
828 1726 984 1789 diacodion
1007 1735 1122 1789 vocant.
1180 1737 1200 1778 1⁵

188 1926 243 1995 (62)
347 1920 467 2000 Papauer
488 1924 633 2001 restringit
655 1922 761 1998 quidem
778 1930 807 1980 at
828 1923 916 1998 replet
939 1931 967 1982 et
988 1931 1031 1982 est
1055 1922 1168 1982 tortissi-

261 2023 351 2080 mum,
374 2015 402 2064 et
424 2007 521 2066 toruus
537 2009 611 2084 quod
627 2016 669 2064 est
683 2009 805 2086 nigrum„
841 2009 938 2066 lrorum
955 2009 1076 2070 nmmum
1091 2024 1169 2066 sucus

262 2092 350 2166 magis
379 2093 500 2166 egeritur
529 2109 609 2168 quam
638 2108 744 2150 carnes.
783 2091 928 2168 coquendo
957 2109 1024 2168 ergo
1049 2093 1167 2154 servabis

261 2177 300 2232 ita
320 2175 352 2234 ui
373 2192 434 2234 cum
455 2177 574 2236 volueris
596 2177 698 2253 aliquid
724 2176 875 2251 desiccare,
896 2194 963 2236 suco
986 2179 1064 2255 prius
1086 2195 1169 2254 poam

262 2260 418 2320 recentibus
433 2260 556 2320 carnibus
571 2264 667 2323 utaris.
704 2278 767 2320 uam
788 2277 889 2335 genera
907 2278 1072 2337 papaverum
1087 2261 1167 2323 multa
1179 2264 1202 2304 ²⁰

262 2353 340 2415 sunt,
365 2353 394 2405 at
414 2347 531 2420 agrestia
546 2346 656 2421 quidem
670 2346 819 2406 medicinae
835 2363 887 2404 usu
905 2344 1092 2406 efficacissima
1106 2352 1169 2402 suut

262 2429 381 2502 quaein
406 2429 494 2488 hortis
516 2438 656 2491 seruntur.
695 2430 786 2489 album
812 2447 930 2510 papaver
950 2431 1042 2490 miuus
1065 2429 1167 2500 efficax,
1245 2498 1246 2515 χ

262 2513 444 2586 soporiferum
473 2523 516 2572 est
543 2515 668 2590 quidam,
690 2516 817 2590 quoniam
840 2516 929 2593 minus
956 2516 1061 2590 rigoris
1090 2517 1119 2573 in
1139 2530 1168 2570 se
1245 2528 1246 2587 t

262 2597 401 2671 continet,
430 2616 510 2675 quem
532 2599 661 2674 paulatim
683 2599 722 2656 illi
744 2599 852 2656 cultura
872 2598 991 2657 decoxit.
1028 2599 1094 2658 felia
1112 2601 1168 2657 eius

154 2807 317 2934 ntis
331 2809 613 2950 diruant
626 2807 1168 2952 narn>er

153 2949 201 3002 tur
213 2950 257 3005 rt.
275 2953 279 3020 l
294 2969 316 3006 r.
331 2951 456 3008 sananda
470 2969 552 3007 sucus
566 2968 589 3008 c.
603 2953 710 3007 rosade
722 2951 793 3007 trita
803 2951 909 3008 morbis
921 2968 946 3007 a
960 2956 1008 3007 etc.
1022 2922 1122 3021 p’(non
1132 2950 1167 3018 o).

190 3024 206 3073 d
225 3020 330 3077 morbis
347 3022 542 3078 articularibus
558 3023 625 3094 pol:
644 3022 801 3080 tumoribus
819 3021 1016 3080 articularibus
1034 3040 1051 3076 r
1067 3022 1166 3090 (iuno-

110 3098 113 3104 ·
153 3089 232 3145 ribus
249 3091 453 3150 auuaulnibus
472 3095 507 3165 b).
526 3095 561 3161 af.
580 3095 644 3163 cpit.
660 3096 665 3164 Ι
683 3094 840 3149 inlinuntur
855 3110 907 3164 por
928 3092 1089 3148 illiniuntur
1106 3091 1166 3146 iri.

190 3167 207 3242 9
233 3161 333 3232 vigilia
358 3166 426 3233 pol:
454 3165 616 3236 vigiliarum
638 3165 683 3220 rb.
743 3170 758 3219 t
783 3164 891 3235 epiion
912 3163 1096 3234 lippientibus
1116 3177 1165 3232 pc:

154 3232 331 3314 ep1(p)pbom
345 3235 434 3290 oculis
446 3235 630 3306 lippientibus
644 3237 704 3292 lab.
744 3242 761 3292 9
776 3232 873 3291 conix
884 3253 910 3306 p.
927 3238 933 3306 l
947 3235 1129 3295 caliculornm
1142 3249 1166 3299 o,

154 3303 325 3358 comicorum
348 3306 365 3361 l.
422 3313 453 3360 m
477 3307 587 3362 utiliter
612 3308 679 3377 polz
707 3322 757 3363 oss.
780 3308 825 3362 rb.
891 3313 925 3362 12
946 3305 1073 3362 frameis
1093 3321 1118 3374 p.

154 3377 188 3427 18
202 3373 274 3429 miro
287 3392 340 3431 usu
358 3378 425 3446 pol:
447 3377 519 3433 miro
538 3381 581 3433 est
597 3377 628 3432 iu
646 3379 757 3433 usuri.
804 3383 839 3432 14
856 3378 1093 3449 asperatasp(et
1109 3390 1165 3442 asp·

153 3446 214 3515 rb)=
238 3448 387 3516 apparatas
404 3465 434 3518 o,
458 3448 618 3519 apporiatus
638 3450 656 3503 l.
716 3454 749 3504 15
772 3450 887 3505 auctore
909 3451 942 3504 iss
963 3464 1049 3518 scorp.
1067 3447 1165 3512 oddo

154 3516 229 3583 (onte
247 3517 377 3588 crysippo
394 3523 426 3574 ot
443 3520 493 3590 υἱ).
510 3522 515 3590 Ι
530 3518 671 3590 diocydon
688 3519 807 3591 popm,
826 3519 966 3590 dyocidon
983 3521 1001 3576 1.
