2517 3925
499 166 743 233 -151-

106 331 181 393 bari.
219 332 320 391 suilito
343 347 379 389 eo
402 329 581 391 feminarum
605 330 751 393 secundas
769 332 888 392 evooui
908 330 1019 411 ilippo·

108 427 206 481 crates
225 425 330 480 auctor
348 424 403 478 est.
431 421 604 499 suspiriosis
619 418 740 497 quidem
758 436 814 499 per
832 437 864 480 se
884 419 1020 500 crudum,

109 508 200 587 aliqui
223 515 254 569 et
272 523 341 569 cum
358 505 435 567 lacte
454 510 559 570 tritum
578 506 735 569 dederunt.
772 506 890 569 Diocles
912 507 1020 587 hydro-

110 599 183 677 picis
207 614 277 657 cum
300 602 460 656 centauros
480 598 608 658 miscuit.
640 596 720 658 idem
739 597 893 658 irenetieis
911 596 1022 658 elixum

83 685 199 747 adedit.
236 684 419 763 Praxagoras
443 684 500 746 alio
522 687 565 746 ita
587 703 662 746 usus
685 692 732 747 est
754 693 859 747 contra
882 685 1021 746 morbum

110 776 225 854 regium
257 775 288 833 in
320 774 441 851 potione
469 776 538 834 vini.
584 773 678 835 viride
711 792 779 835 cum
812 774 964 835 coliandro
992 781 1023 835 et

6 886 10 897 ’
109 864 165 924 lico
198 863 300 923 datum
335 859 433 922 alvum
464 862 580 924 mollire
612 862 797 944 perhibetur.
847 865 955 924 tussim
992 870 1023 922 et

4 940 5 981 ³
109 953 326 1032 suspicationes
344 953 475 1029 pectorIs
489 953 605 1031 mitigat
624 954 656 1012 in
674 950 742 1012 laha
756 959 883 1014 coctum.
912 950 1024 1013 elixum

108 1040 286 1118 inlitumque
296 1038 483 1118 temporibus
492 1040 588 1101 dolori
598 1042 705 1120 capitis
715 1039 886 1121 opitulatur.
905 1042 1024 1101 aurium

70 1140 96 1180 1⁰
110 1126 263 1191 doloribus
292 1145 382 1188 sucus
410 1146 479 1190 cnm
503 1128 587 1208 adipe
618 1130 757 1189 anserino
785 1130 952 1209 tepefactus
978 1130 1024 1188 in·

109 1216 253 1279 tunditur.
297 1218 472 1277 raucitatem
500 1219 581 1278 vocis
609 1217 748 1278 emendat
770 1220 801 1277 in
825 1220 890 1297 piso
914 1224 966 1277 aut
992 1219 1024 1277 in

108 1305 176 1367 iaba
205 1310 372 1386 sumptum,
406 1312 436 1366 et
463 1305 542 1385 quod
576 1307 612 1367 ad
640 1322 743 1367 vocem
771 1308 877 1367 attInet
906 1313 1024 1367 coctum

109 1394 217 1477 crudo,
240 1393 351 1455 elixum
375 1396 455 1455 sicco
479 1394 583 1456 utilius
607 1396 802 1456 existimatur.
830 1403 966 1457 tenesmo
988 1412 1025 1455 en

108 1483 191 1564 pulte
216 1489 335 1544 coctum
358 1481 503 1545 medetur.
540 1491 676 1545 tumores
699 1491 855 1564 suspectos
878 1502 915 1548 ex
938 1482 1025 1562 adipe

70 1581 96 1622 1⁵
113 1571 256 1633 dissolvit.
787 1591 790 1596 ·

194 1784 284 1841 Alium
305 1784 424 1843 calidum
446 1792 489 1840 est
510 1791 540 1840 et
561 1783 672 1841 deducit
693 1793 721 1841 et
743 1784 885 1859 mingitur.
923 1799 1023 1856 corpo·
1043 1788 1101 1857 (56)

3 1888 4 1907 ³
109 1868 183 1927 ribus
208 1868 317 1943 quidem
338 1867 443 1925 bonum
464 1876 523 1940 est,
547 1869 633 1927 oeulis
655 1885 720 1925 vero
735 1869 929 1943 perniciosum.
967 1883 1025 1921 mo·

109 1963 157 2012 vet
178 1954 249 2012 enim
271 1963 393 2011 ventrem
417 1959 446 2010 et
468 1952 579 2011 deducit
600 1951 627 2010 id
651 1952 726 2028 qnod
753 1953 903 2024 invenerit,
931 1949 1027 2008 simul·

110 2055 165 2114 que
191 2045 219 2096 et
244 2040 349 2095 urinam
375 2045 483 2096 movet.
521 2037 608 2096 oculis
637 2037 781 2113 caliginem
809 2037 881 2093 iacit.
915 2044 1026 2094 coctum

68 2125 96 2166 ¹⁰
110 2133 200 2180 tamen
221 2123 369 2181 invalidum
391 2131 441 2180 est.
479 2122 557 2180 inllat
579 2131 670 2179 autem
692 2121 783 2179 calore
805 2137 856 2178 sno
878 2128 907 2178 et
928 2127 1026 2176 ventos

109 2215 212 2266 inova.
242 2207 402 2264 feminarum
418 2208 551 2264 secundas
567 2211 673 2264 evocat.
705 2215 806 2280 potum
829 2223 862 2263 er
876 2191 946 2262 vinu‘
963 2220 1024 2261 cnm

107 2293 204 2367 pipere
226 2293 322 2348 tritum
343 2292 468 2348 ictericos
490 2299 577 2349 curat.
621 2291 791 2348 stomachum
807 2289 899 2348 laedit.
937 2289 1026 2364 spicas

108 2383 166 2432 tres
194 2392 255 2434 cum
277 2375 362 2433 lasare
384 2382 431 2432 aut
453 2393 514 2434 cum
542 2377 638 2451 pipare
667 2375 729 2432 aihu
758 2375 935 2449 quartanariis
962 2372 1027 2430 dato

109 2461 247 2519 cumvino
257 2467 320 2518 ante
335 2461 528 2519 accessionem.
554 2462 650 2519 tritum
662 2476 723 2517 cum
738 2459 795 2517 sale
810 2461 914 2518 morsui
929 2459 1026 2516 canino

67 2547 215 2603 itineranti
235 2545 385 2620 inponitur.
414 2545 510 2603 tritum
529 2561 590 2604 cum
605 2547 668 2603 dno
684 2549 770 2602 tineas
786 2546 888 2603 ventris
911 2550 940 2600 et
959 2543 1030 2599 lum·

108 2629 202 2687 hricos
224 2629 352 2689 excludit.
698 2652 700 2656 ’

182 2891 197 2938 1
217 2883 323 2940 suffito:
342 2884 438 2940 suffitu
457 2885 534 2940 Ptin.
550 2883 555 2956 Ι
571 2883 693 2954 ip(ypl)
712 2884 842 2954 poenales
859 2883 907 2952 pl.
963 2879 1137 2939 3dederunt

107 2955 155 3025 pl:
179 2954 281 3011 dedere
299 2956 344 3011 rb.
366 2957 370 3024 Ι
394 2954 537 3027 ydropicis
554 2957 595 3026 pl.
655 2961 673 3008 4
692 2954 842 3014 centaurea
859 2950 970 3023 uffan
995 2966 1055 3006 -rea
1072 2951 1132 3007 iod.

111 3025 284 3097 lireneticis:
311 3025 710 3097 connuncupatam
727 3025 787 3108 ph).
846 3023 988 3095 taliopr
1016 3021 1135 3078 alliold

110 3098 200 3167 (sor).
217 3101 221 3164 1
237 3096 334 3167 itapl:
348 3099 453 3154 amab.
491 3095 642 3154 osiridem
654 3112 681 3167 p.
696 3100 702 3166 Ι
718 3095 917 3166 oolmndropi:
932 3092 1135 3150 coriandrord.
1167 3105 1172 3114 ·

147 3173 163 3222 't
183 3167 236 3224 lico
254 3184 285 3237 p:
308 3168 363 3224 tion
381 3169 442 3224 lab.
504 3173 521 3224 8
545 3167 747 3238 suspirationes
768 3167 813 3236 pl:
837 3183 915 3222 -uem
932 3167 969 3221 rb
988 3166 1136 3236 (suppura-

109 3237 204 3294 tiones
224 3238 290 3308 Pu).
345 3245 361 3294 9
384 3239 498 3294 inlitum
520 3255 550 3322 p:
572 3239 710 3294 illinitum
728 3239 788 3294 lrb.
853 3244 885 3293 11
905 3236 1084 3292 Rancitetem
1101 3237 1136 3306 pi

111 3309 195 3379 (Pl.):
214 3309 404 3365 Rancedinem
414 3311 461 3364 rb.
477 3312 482 3378 Ι
498 3327 573 3380 paco:
591 3309 728 3381 piretro,
741 3309 806 3380 ipsa
818 3325 843 3380 p.
861 3311 866 3381 Ι
881 3311 932 3365 aut
944 3308 975 3362 in
987 3307 1055 3362 faba
1066 3308 1134 3376 poi:

110 3382 162 3435 ant
179 3380 247 3435 faba
264 3381 361 3446 clamo
379 3382 422 3435 iria
439 3382 528 3436 vobis
546 3382 636 3436 &nuo
653 3381 808 3451 inopiis).
855 3387 889 3436 12
908 3379 945 3434 ad
963 3377 1136 3447 amuleti·

110 3449 186 3507 tinet
202 3453 251 3576 (911
272 3452 376 3578 alttrpet
393 3452 572 3578 luttfftum
591 3454 642 3508 ant
663 3451 781 3507 crudum
799 3453 818 3508 l.
886 3457 920 3507 aa
939 3449 1097 3506 'l'henesmo
1115 3449 1134 3505 l.

149 3528 184 3577 15
224 3521 442 3579 issoviaaovi
485 3525 518 3577 .“
