2517 3925
503 243 746 309 -187-

118 402 226 464 umbra
242 404 339 483 posita
357 406 476 484 saepius
490 405 640 468 transiusa
658 407 781 472 colatur.
810 416 882 470 tunc
897 411 1027 491 cydonea

118 493 214 552 iustae
239 494 417 555 maturitatis
441 494 604 557 seminibus
627 503 658 557 et
680 496 761 577 ligno
788 499 931 560 interiore
956 518 1027 579 pur-

118 588 185 659 gata
208 588 239 642 et
261 583 293 642 in
316 581 411 644 irttsta
429 586 549 645 concisa
570 586 781 665 inmerguntur
798 604 891 666 aquae
914 596 945 649 ct
967 596 1051 670 tam,

118 669 170 730 diu
194 688 263 731 cum
287 689 322 732 ea
344 671 568 754 relinquuntur,
591 673 687 736 donec
705 676 737 736 iu
755 694 861 737 sucum
884 679 1028 738 transisse

91 757 267 820 ⁵malorum
285 762 348 821 vini
361 759 460 821 colore
478 762 631 844 prodatur.
663 762 740 825 hanc
758 763 917 844 diiigenter
934 765 1027 845 liqua-

117 854 179 907 tam
207 854 237 909 et
263 850 296 909 in
319 866 387 910 rasa
408 851 506 929 picata
533 851 671 914 diffusam
699 854 845 915 eiusmodi
871 854 938 917 ioco
965 872 1027 915 ser·

117 952 187 997 vare
212 936 343 999 solemne
367 946 413 999 est
436 940 471 1001 ad
495 958 584 1019 quem
606 944 732 1003 maxime
756 943 838 1003 inmo
861 951 892 1004 et
915 946 940 1004 si
963 944 1029 1005 fieri

116 1026 214 1104 possit
245 1025 307 1087 soii
333 1035 460 1107 negetur
488 1047 635 1092 accessus.
681 1032 806 1110 septimo
838 1049 940 1093 meuse
972 1050 1028 1113 pro

117 1116 187 1174 vino
210 1117 255 1176 uti
277 1114 387 1177 licebit.
773 1146 775 1150 ·

77 1215 107 1256 1⁰
188 1203 315 1274 Quidam
343 1222 379 1267 ex
402 1206 449 1267 his
472 1216 503 1268 et
526 1206 625 1269 oleum
654 1208 732 1288 quod
759 1208 925 1289 appellatur
948 1207 1030 1270 meli-

118 1309 193 1353 num
216 1292 328 1356 iacinnt
350 1293 543 1357 vehementer
565 1296 821 1358 adcommodatum
845 1297 881 1358 ad
906 1316 940 1358 ea
963 1316 1026 1358 cor-

117 1382 202 1459 poris
216 1383 285 1443 ritia
299 1401 375 1462 quae
390 1386 516 1464 styptica
525 1387 636 1448 virtute
649 1383 786 1465 pellenda
799 1395 877 1448 suut.
902 1390 1027 1448 maxime

118 1476 219 1530 tamen
242 1488 279 1531 ex
302 1490 338 1532 eo
362 1472 486 1534 sudores
505 1474 623 1537 molesti
645 1474 774 1537 detineri
796 1475 893 1536 soient
915 1484 945 1537 et
968 1483 1028 1537 sto-

119 1558 216 1620 machi
240 1569 343 1640 aperta
366 1565 504 1644 componi
522 1570 552 1625 et
575 1563 698 1625 vttlnera
721 1566 752 1625 in
776 1566 872 1645 capite
895 1572 964 1626 nata
986 1564 1027 1625 lc-

78 1659 105 1701 15
118 1648 186 1709 niri.
223 1647 297 1710 haec
320 1652 399 1711 sicco
418 1651 466 1713 die
486 1659 554 1713 ante
577 1652 732 1714 meridiem
754 1654 830 1714 lecta
853 1661 884 1714 et
905 1652 1028 1714 linteolo

119 1736 276 1798 mundiore
303 1748 430 1819 purgata
456 1742 551 1801 vitreo
579 1758 649 1801 vaso
678 1743 872 1802 inmittuntur
903 1749 934 1802 et
962 1741 1028 1802 oleo

119 1824 227 1887 deinde
249 1830 457 1889 recentissimo
476 1847 527 1889 vas
545 1828 581 1889 ad
603 1846 699 1908 usque
723 1828 824 1890 iauces
842 1828 976 1908 repletur
999 1838 1030 1889 et

120 1913 196 1993 pelle
219 1924 394 1996 coopertum
416 1916 558 1980 umbroso
581 1919 613 1979 in
637 1916 702 1979 loco
727 1924 871 1994 seruatur.

182 2144 299 2220 Cydonia
315 2147 425 2222 plurimi
439 2150 613 2207 eustomacha
624 2158 799 2207 vocaverunt.
831 2149 949 2224 styptica
965 2164 1030 2205 con·
1048 2149 1104 2219 (68)
1182 2193 1185 2196 .

75 2240 105 2280 20
118 2230 240 2304 primunt
262 2233 367 2289 urinam
381 2241 496 2307 propter
516 2235 702 2292 austeritatem
717 2250 805 2291 suam.
843 2232 926 2292 cruda
940 2240 1031 2289 auste-

117 2314 193 2370 riora
217 2324 245 2371 et
259 2317 476 2390 vehementiora,
498 2327 576 2378 cocta
598 2325 676 2394 grata
698 2327 727 2376 et
748 2317 862 2376 leviora.
899 2317 982 2375 cruda
1003 2325 1031 2374 et

192 2542 205 2590 1
225 2537 391 2608 saepiusque
408 2539 454 2594 rb.
476 2540 480 2608 Ι
501 2539 627 2610 cydonea
649 2555 702 2610 po:
725 2539 844 2596 cidonee
861 2541 884 2609 t,
907 2538 1028 2610 cydonia
1046 2537 1138 2621 Mi:

116 2606 199 2663 tonia
216 2623 240 2665 r.
294 2614 311 2662 1
331 2609 483 2665 seminibus
500 2612 567 2680 pol:
586 2626 637 2667 ota.
656 2611 702 2666 rb.
718 2613 724 2679 Ι
739 2613 769 2666 ct
785 2612 852 2681 pot:
871 2626 906 2665 ex
923 2611 969 2665 rb.
986 2613 992 2678 Ι
1010 2609 1140 2664 intanorr

116 2679 164 2732 rb.
209 2679 384 2736 ttrunaisse:
402 2681 443 2737 sic
456 2682 586 2751 coldo).
633 2681 800 2751 oprodutur
813 2680 929 2750 aaron:
943 2679 1080 2749 probatur
1091 2679 1138 2733 rb.

120 2748 124 2820 l
141 2749 222 2805 Hunc
238 2751 305 2821 pol:
325 2768 411 2821 quum
428 2754 473 2808 rb.
490 2754 495 2820 Ι
510 2751 651 2822 liquatum
668 2752 782 2822 petto:
802 2750 925 2806 colatum
942 2751 987 2804 rb.
1035 2755 1051 2804 6
1070 2765 1139 2832 resa

116 2819 215 2945 picato
231 2822 331 2893 o(rd)‚
350 2839 419 2878 vasa
436 2822 525 2894 pinita
543 2823 602 2892 (aio)
619 2839 651 2892 9:
673 2837 741 2877 vase
759 2821 855 2905 picato
874 2823 892 2876 t.
914 2823 919 2890 Ι
938 2820 1001 2876 loco
1018 2820 1086 2902 pot:
1109 2837 1139 2873 ιιι

130 2906 182 2947 ooo
200 2891 245 2949 rb.
308 2892 519 2964 'isolemneffi
547 2893 861 2963 sollertissimo
880 2893 897 2946 t.
962 2892 1092 2961 8posut
1108 2907 1139 2960 p:

116 2963 215 3032 posset
231 2965 277 3030 ol,
299 2964 393 3047 potest
409 2964 455 3020 rb.
476 2968 480 3032 Ι
502 2964 622 3092 septimo
639 2965 708 3050 poda
736 2980 792 3033 quo
811 2962 933 3034 septimo
950 2962 997 3017 rb.
1059 2966 1093 3016 10
1111 2961 1142 3015 et

118 3032 213 3088 oleum
232 3035 283 3092 rb:
301 3053 332 3089 ιιι
350 3035 413 3092 oleo
430 3037 514 3106 poti
545 3039 627 3091 tutuo
645 3038 764 3106 patrator
781 3033 820 3090 D.
839 3039 910 3104 255.
974 3037 1006 3088 11
1026 3032 1140 3088 odcom·

117 3103 264 3160 modatum
307 3122 332 3161 o.
397 3111 430 3160 12
449 3105 555 3163 virtute
576 3107 643 3177 pol:
671 3121 722 3162 om.
740 3106 787 3164 rb.
848 3110 883 3160 14
901 3105 1011 3176 eperia:
1039 3104 1139 3174 operta

116 3176 248 3247 potui).
265 3121 369 3260 [foniti
386 3179 424 3233 rb
435 3177 479 3248 (l):
499 3177 576 3234 liniri
592 3193 642 3248 po.
692 3176 821 3260 ttsi‘cco
838 3176 955 3259 diates.
975 3176 1021 3231 ΡΙ.
1041 3179 1139 3243 23103

115 3261 174 3301 non
193 3288 199 3302 .
216 3289 244 3302 ..
264 3265 294 3302 ιιι
311 3247 416 3303 umidis
433 3249 511 3315 uate)
533 3249 630 3320 9(ri›)=
660 3247 789 3304 sicoirdre
811 3248 855 3316 oi,
879 3263 918 3302 sto
942 3245 1046 3301 cotudte
1064 3245 1139 3330 ‚W

117 3317 184 3372 ante
201 3318 247 3388 pi:
267 3318 429 3388 modist
447 3319 477 3374 in
495 3319 612 3375 linteolo
632 3318 984 3402 (lineolopp)m.p.9oi,
1004 3316 1141 3400 atlanteo
1254 3348 1255 3353 κ

116 3390 239 3459 purgato
257 3388 404 3446 mundiore
422 3391 459 3446 rb
484 3390 575 3458 (maisi
591 3389 641 3460 in).
706 3395 740 3446 16
759 3391 850 3445 mireo
868 3404 936 3445 vaso
959 3388 1143 3470 mmttuntur

116 3474 177 3528 epo:
206 3459 237 3514 in
259 3460 350 3516 vitreo
373 3476 442 3517 vaso
469 3462 547 3532 (vose
572 3462 592 3531 l)
620 3460 775 3516 mittuntur
798 3461 865 3530 pot,
892 3459 923 3514 in
945 3459 1070 3513 vitreum
1093 3473 1143 3512 ves

116 3530 270 3586 mittuntur
286 3532 331 3587 rb.
388 3537 421 3587 17
441 3534 471 3588 et
488 3531 680 3588 recentissimo
700 3532 763 3587 oleo
781 3547 831 3588 vus
850 3545 938 3602 usque
957 3529 994 3583 ad
1010 3527 1030 3583 f.
1049 3545 1075 3582 r.
1093 3528 1139 3582 rb.
1253 3542 1254 3599 ἦ

118 3600 178 3672 ind
196 3618 282 3672 usque
299 3618 330 3673 9:
348 3619 437 3672 usque
456 3600 493 3658 ad
509 3603 620 3672 ol(rb).·
