<?xml version="1.0" encoding="UTF-8"?>
<!DOCTYPE html PUBLIC "-//W3C//DTD XHTML 1.0 Transitional//EN"
    "http://www.w3.org/TR/xhtml1/DTD/xhtml1-transitional.dtd">
<html xmlns="http://www.w3.org/1999/xhtml" xml:lang="en" lang="en">
 <head>
  <title>
</title>
<meta http-equiv="Content-Type" content="text/html;charset=utf-8" />
  <meta name='ocr-system' content='tesseract 3.04.00' />
  <meta name='ocr-capabilities' content='ocr_page ocr_carea ocr_par ocr_line ocrx_word'/>
</head>
<body>
  <div class='ocr_page' id='page_1' title='image "./pliniisecundiqu00rosegoog_0032.png"; bbox 0 0 2517 3925; ppageno 0'>
   <div class='ocr_carea' id='block_1_1' title="bbox 499 132 719 251">
    <p class='ocr_par' dir='ltr' id='par_1_1' title="bbox 499 132 719 251">
     <span class='ocr_line' id='line_1_1' title="bbox 499 132 719 251; baseline -0.005 -19"><span class='ocrx_word' id='word_1_1' title='bbox 499 132 719 251; x_wconf 62' lang='grc'><strong>..99-</strong></span> 
     </span>
    </p>
   </div>
   <div class='ocr_carea' id='block_1_2' title="bbox 51 343 1116 2726">
    <p class='ocr_par' dir='ltr' id='par_1_2' title="bbox 91 343 1116 697">
     <span class='ocr_line' id='line_1_2' title="bbox 92 343 1116 429; baseline 0.005 -23"><span class='ocrx_word' id='word_1_2' title='bbox 92 348 222 424; x_wconf 90' lang='lat' dir='ltr'><strong>ponitur</strong></span> <span class='ocrx_word' id='word_1_3' title='bbox 246 347 404 409; x_wconf 90' lang='lat' dir='ltr'><strong>adversum</strong></span> <span class='ocrx_word' id='word_1_4' title='bbox 431 343 573 410; x_wconf 89' lang='lat' dir='ltr'><strong>dolorem.</strong></span> <span class='ocrx_word' id='word_1_5' title='bbox 611 352 743 429; x_wconf 84' lang='lat' dir='ltr'><strong>caprifici</strong></span> <span class='ocrx_word' id='word_1_6' title='bbox 765 352 848 412; x_wconf 81' lang='lat' dir='ltr'>radix</span> <span class='ocrx_word' id='word_1_7' title='bbox 877 354 1116 425; x_wconf 68' lang='lat' dir='ltr'><strong>(ab.127.cf.140)</strong></span> 
     </span>
     <span class='ocr_line' id='line_1_3' title="bbox 91 438 849 519; baseline 0.008 -24"><span class='ocrx_word' id='word_1_8' title='bbox 91 454 152 513; x_wconf 90' lang='lat' dir='ltr'><strong>per</strong></span> <span class='ocrx_word' id='word_1_9' title='bbox 174 454 290 497; x_wconf 87' lang='lat' dir='ltr'><strong>messes</strong></span> <span class='ocrx_word' id='word_1_10' title='bbox 315 438 470 519; x_wconf 81' lang='lat' dir='ltr'><strong>inciditur,</strong></span> <span class='ocrx_word' id='word_1_11' title='bbox 494 446 524 499; x_wconf 90' lang='lat' dir='ltr'><strong>et</strong></span> <span class='ocrx_word' id='word_1_12' title='bbox 542 438 614 499; x_wconf 88' lang='lat' dir='ltr'><strong>hacc</strong></span> <span class='ocrx_word' id='word_1_13' title='bbox 633 442 724 502; x_wconf 88' lang='lat' dir='ltr'><strong>mittit</strong></span> <span class='ocrx_word' id='word_1_14' title='bbox 742 458 849 501; x_wconf 91' lang='lat' dir='ltr'><strong>sucum</strong></span> 
     </span>
     <span class='ocr_line' id='line_1_4' title="bbox 91 526 962 607; baseline 0.007 -23"><span class='ocrx_word' id='word_1_15' title='bbox 91 527 286 603; x_wconf 83' lang='lat' dir='ltr'><strong>aptissimum</strong></span> <span class='ocrx_word' id='word_1_16' title='bbox 300 526 403 587; x_wconf 92' lang='lat' dir='ltr'><strong>dolori.</strong></span> <span class='ocrx_word' id='word_1_17' title='bbox 440 528 565 588; x_wconf 91' lang='lat' dir='ltr'><strong>nucleus</strong></span> <span class='ocrx_word' id='word_1_18' title='bbox 588 528 680 607; x_wconf 82' lang='lat' dir='ltr'><strong>gallae</strong></span> <span class='ocrx_word' id='word_1_19' title='bbox 700 547 847 590; x_wconf 83' lang='lat' dir='ltr'><strong>commen·</strong></span> <span class='ocrx_word' id='word_1_20' title='bbox 876 541 962 604; x_wconf 83' lang='grc' dir='ltr'><strong>24,ιο.</strong></span> 
     </span>
     <span class='ocr_line' id='line_1_5' title="bbox 92 612 963 697; baseline 0.008 -25"><span class='ocrx_word' id='word_1_21' title='bbox 92 612 224 675; x_wconf 82' lang='lat' dir='ltr'>ducatus</span> <span class='ocrx_word' id='word_1_22' title='bbox 248 614 345 676; x_wconf 91' lang='lat' dir='ltr'><strong>dolori</strong></span> <span class='ocrx_word' id='word_1_23' title='bbox 363 616 507 678; x_wconf 90' lang='lat' dir='ltr'><strong>medetur.</strong></span> <span class='ocrx_word' id='word_1_24' title='bbox 544 618 646 678; x_wconf 86' lang='lat' dir='ltr'><strong>taedae</strong></span> <span class='ocrx_word' id='word_1_25' title='bbox 667 620 793 697; x_wconf 84' lang='lat' dir='ltr'><strong>pingues</strong></span> <span class='ocrx_word' id='word_1_26' title='bbox 815 621 847 679; x_wconf 93' lang='lat' dir='ltr'><strong>in</strong></span> <span class='ocrx_word' id='word_1_27' title='bbox 875 630 918 693; x_wconf 91' lang='grc'><strong>24</strong></span> <span class='ocrx_word' id='word_1_28' title='bbox 920 630 963 679; x_wconf 86' lang='grc'><strong>41.</strong></span> 
     </span>
    </p>

    <p class='ocr_par' dir='ltr' id='par_1_3' title="bbox 63 702 978 1138">
     <span class='ocr_line' id='line_1_6' title="bbox 63 702 847 789; baseline 0.008 -28"><span class='ocrx_word' id='word_1_29' title='bbox 63 702 208 763; x_wconf 85' lang='lat' dir='ltr'><strong>⁵astulas</strong></span> <span class='ocrx_word' id='word_1_30' title='bbox 233 706 433 766; x_wconf 93' lang='lat' dir='ltr'><strong>conciduntur</strong></span> <span class='ocrx_word' id='word_1_31' title='bbox 455 708 516 766; x_wconf 87' lang='lat' dir='ltr'><strong>ct&#39;</strong></span> <span class='ocrx_word' id='word_1_32' title='bbox 508 724 539 766; x_wconf 91' lang='grc' dir='ltr'><strong>ιιι</strong></span> <span class='ocrx_word' id='word_1_33' title='bbox 563 714 647 767; x_wconf 88' lang='lat' dir='ltr'><strong>aceto</strong></span> <span class='ocrx_word' id='word_1_34' title='bbox 667 716 847 789; x_wconf 83' lang='lat' dir='ltr'><strong>coquuntur,</strong></span> 
     </span>
     <span class='ocr_line' id='line_1_7' title="bbox 91 792 962 875; baseline 0.005 -24"><span class='ocrx_word' id='word_1_35' title='bbox 91 792 185 870; x_wconf 89' lang='lat' dir='ltr'><strong>idque</strong></span> <span class='ocrx_word' id='word_1_36' title='bbox 211 802 330 854; x_wconf 88' lang='lat' dir='ltr'><strong>acetum</strong></span> <span class='ocrx_word' id='word_1_37' title='bbox 352 796 384 854; x_wconf 95' lang='lat' dir='ltr'><strong>in</strong></span> <span class='ocrx_word' id='word_1_38' title='bbox 413 813 465 855; x_wconf 88' lang='lat' dir='ltr'><strong>ore</strong></span> <span class='ocrx_word' id='word_1_39' title='bbox 496 796 676 856; x_wconf 79' lang='lat' dir='ltr'><strong>continetur.</strong></span> <span class='ocrx_word' id='word_1_40' title='bbox 631 813 789 875; x_wconf 75' lang='lat' dir='ltr'><strong>uroque</strong></span> <span class='ocrx_word' id='word_1_41' title='bbox 815 799 848 857; x_wconf 92' lang='lat' dir='ltr'><strong>in</strong></span> <span class='ocrx_word' id='word_1_42' title='bbox 875 807 917 870; x_wconf 95' lang='grc'><strong>24</strong></span> <span class='ocrx_word' id='word_1_43' title='bbox 919 807 962 856; x_wconf 93' lang='grc'><strong>42</strong></span> 
     </span>
     <span class='ocr_line' id='line_1_8' title="bbox 92 880 847 959; baseline 0.007 -19"><span class='ocrx_word' id='word_1_44' title='bbox 92 898 153 959; x_wconf 86' lang='lat' dir='ltr'><strong>qua</strong></span> <span class='ocrx_word' id='word_1_45' title='bbox 167 880 315 943; x_wconf 88' lang='lat' dir='ltr'><strong>lentiscus</strong></span> <span class='ocrx_word' id='word_1_46' title='bbox 329 884 471 944; x_wconf 90' lang='lat' dir='ltr'><strong>decoctus</strong></span> <span class='ocrx_word' id='word_1_47' title='bbox 485 891 532 944; x_wconf 88' lang='lat' dir='ltr'><strong>cst</strong></span> <span class='ocrx_word' id='word_1_48' title='bbox 545 884 669 944; x_wconf 82' lang='lat' dir='ltr'><strong>mobiles</strong></span> <span class='ocrx_word' id='word_1_49' title='bbox 683 886 847 946; x_wconf 86' lang='lat' dir='ltr'><strong>confirmat.</strong></span> 
     </span>
     <span class='ocr_line' id='line_1_9' title="bbox 90 968 978 1076; baseline 0.006 -48"><span class='ocrx_word' id='word_1_50' title='bbox 90 968 269 1031; x_wconf 90' lang='lat' dir='ltr'><strong>ruborum</strong></span> <span class='ocrx_word' id='word_1_51' title='bbox 261 990 293 1031; x_wconf 91' lang='lat' dir='ltr'><strong>m</strong></span> <span class='ocrx_word' id='word_1_52' title='bbox 312 972 419 1076; x_wconf 77' lang='lat' dir='ltr'><strong>quihus</strong></span> <span class='ocrx_word' id='word_1_53' title='bbox 433 991 517 1033; x_wconf 92' lang='lat' dir='ltr'><strong>mora</strong></span> <span class='ocrx_word' id='word_1_54' title='bbox 530 980 658 1033; x_wconf 83' lang='lat' dir='ltr'><strong>noscunt</strong></span> <span class='ocrx_word' id='word_1_55' title='bbox 658 992 696 1034; x_wconf 92' lang='lat' dir='ltr'><strong>ur</strong></span> <span class='ocrx_word' id='word_1_56' title='bbox 715 976 855 1060; x_wconf 84' lang='lat' dir='ltr'><strong>pampini</strong></span> <span class='ocrx_word' id='word_1_57' title='bbox 874 984 978 1047; x_wconf 75' lang='lat'><strong>34119.</strong></span> 
     </span>
     <span class='ocr_line' id='line_1_10' title="bbox 91 1058 845 1138; baseline 0.007 -20"><span class='ocrx_word' id='word_1_58' title='bbox 91 1058 338 1138; x_wconf 87' lang='lat' dir='ltr'><strong>decoquuntur</strong></span> <span class='ocrx_word' id='word_1_59' title='bbox 330 1080 362 1121; x_wconf 95' lang='grc' dir='ltr'><strong>ιιι</strong></span> <span class='ocrx_word' id='word_1_60' title='bbox 380 1063 448 1121; x_wconf 89' lang='lat' dir='ltr'><strong>vino</strong></span> <span class='ocrx_word' id='word_1_61' title='bbox 467 1069 586 1123; x_wconf 81' lang='lat' dir='ltr'><strong>austero</strong></span> <span class='ocrx_word' id='word_1_62' title='bbox 607 1070 638 1123; x_wconf 88' lang='lat' dir='ltr'><strong>et</strong></span> <span class='ocrx_word' id='word_1_63' title='bbox 625 1064 845 1124; x_wconf 88' lang='lat' dir='ltr'><strong>teo-mmandu</strong></span> 
     </span>
    </p>

    <p class='ocr_par' dir='ltr' id='par_1_4' title="bbox 51 1149 978 1584">
     <span class='ocr_line' id='line_1_11' title="bbox 51 1149 846 1231; baseline 0.004 -22"><span class='ocrx_word' id='word_1_64' title='bbox 51 1160 77 1199; x_wconf 86' lang='lat'><strong>1⁰</strong></span> <span class='ocrx_word' id='word_1_65' title='bbox 92 1157 203 1209; x_wconf 90' lang='lat' dir='ltr'><strong>cantur</strong></span> <span class='ocrx_word' id='word_1_66' title='bbox 228 1149 385 1211; x_wconf 86' lang='lat' dir='ltr'><strong>adversum</strong></span> <span class='ocrx_word' id='word_1_67' title='bbox 404 1150 549 1212; x_wconf 90' lang='lat' dir='ltr'><strong>mobilitat</strong></span> <span class='ocrx_word' id='word_1_68' title='bbox 537 1158 611 1231; x_wconf 80' lang='lat' dir='ltr'><strong>tem,</strong></span> <span class='ocrx_word' id='word_1_69' title='bbox 634 1152 724 1230; x_wconf 89' lang='lat' dir='ltr'><strong>idque</strong></span> <span class='ocrx_word' id='word_1_70' title='bbox 744 1154 846 1212; x_wconf 90' lang='lat' dir='ltr'><strong>vinum</strong></span> 
     </span>
     <span class='ocr_line' id='line_1_12' title="bbox 90 1239 978 1314; baseline 0.003 -17"><span class='ocrx_word' id='word_1_71' title='bbox 90 1240 126 1297; x_wconf 91' lang='lat' dir='ltr'><strong>in</strong></span> <span class='ocrx_word' id='word_1_72' title='bbox 139 1256 193 1298; x_wconf 91' lang='lat' dir='ltr'><strong>ore</strong></span> <span class='ocrx_word' id='word_1_73' title='bbox 208 1245 293 1299; x_wconf 88' lang='lat' dir='ltr'><strong>tenet</strong></span> <span class='ocrx_word' id='word_1_74' title='bbox 281 1246 339 1300; x_wconf 93' lang='lat' dir='ltr'><strong>tur.</strong></span> <span class='ocrx_word' id='word_1_75' title='bbox 364 1239 574 1301; x_wconf 79' lang='lat' dir='ltr'><strong>millefolium</strong></span> <span class='ocrx_word' id='word_1_76' title='bbox 567 1258 597 1300; x_wconf 89' lang='grc' dir='ltr'><strong>ιιι</strong></span> <span class='ocrx_word' id='word_1_77' title='bbox 616 1239 718 1300; x_wconf 89' lang='lat' dir='ltr'><strong>dolore</strong></span> <span class='ocrx_word' id='word_1_78' title='bbox 733 1241 845 1301; x_wconf 91' lang='lat' dir='ltr'><strong>mandi·</strong></span> <span class='ocrx_word' id='word_1_79' title='bbox 873 1251 978 1314; x_wconf 69' lang='grc'><strong>24152.</strong></span> 
     </span>
     <span class='ocr_line' id='line_1_13' title="bbox 91 1328 977 1409; baseline 0.003 -22"><span class='ocrx_word' id='word_1_80' title='bbox 91 1335 144 1389; x_wconf 91' lang='lat' dir='ltr'><strong>tur</strong></span> <span class='ocrx_word' id='word_1_81' title='bbox 177 1329 343 1407; x_wconf 90' lang='lat' dir='ltr'><strong>tritumque</strong></span> <span class='ocrx_word' id='word_1_82' title='bbox 375 1328 509 1389; x_wconf 82' lang='lat' dir='ltr'><strong>maxillae</strong></span> <span class='ocrx_word' id='word_1_83' title='bbox 541 1330 713 1409; x_wconf 87' lang='lat' dir='ltr'><strong>imponitur.</strong></span> <span class='ocrx_word' id='word_1_84' title='bbox 762 1330 845 1390; x_wconf 85' lang='lat' dir='ltr'><strong>radix</strong></span> <span class='ocrx_word' id='word_1_85' title='bbox 873 1340 977 1403; x_wconf 63' lang='lat' dir='ltr'><strong>anlon.</strong></span> 
     </span>
     <span class='ocr_line' id='line_1_14' title="bbox 90 1416 944 1498; baseline -0.001 -23"><span class='ocrx_word' id='word_1_86' title='bbox 90 1416 265 1496; x_wconf 81' lang='lat' dir='ltr'><strong>hyoscyami</strong></span> <span class='ocrx_word' id='word_1_87' title='bbox 288 1436 324 1477; x_wconf 83' lang='lat' dir='ltr'><strong>cx</strong></span> <span class='ocrx_word' id='word_1_88' title='bbox 348 1425 431 1478; x_wconf 88' lang='lat' dir='ltr'><strong>aceto</strong></span> <span class='ocrx_word' id='word_1_89' title='bbox 455 1418 726 1479; x_wconf 87' lang='lat' dir='ltr'><strong>commanducatur.</strong></span> <span class='ocrx_word' id='word_1_90' title='bbox 763 1418 844 1498; x_wconf 90' lang='lat' dir='ltr'><strong>plan·</strong></span> <span class='ocrx_word' id='word_1_91' title='bbox 907 1421 944 1475; x_wconf 71' lang='lat' dir='ltr'><strong>eb.</strong></span> 
     </span>
     <span class='ocr_line' id='line_1_15' title="bbox 91 1506 844 1584; baseline 0.005 -20"><span class='ocrx_word' id='word_1_92' title='bbox 91 1507 204 1584; x_wconf 82' lang='lat' dir='ltr'><strong>taginis</strong></span> <span class='ocrx_word' id='word_1_93' title='bbox 227 1506 311 1566; x_wconf 84' lang='lat' dir='ltr'><strong>radix</strong></span> <span class='ocrx_word' id='word_1_94' title='bbox 334 1507 483 1568; x_wconf 88' lang='lat' dir='ltr'><strong>manditur</strong></span> <span class='ocrx_word' id='word_1_95' title='bbox 507 1515 536 1568; x_wconf 90' lang='lat' dir='ltr'><strong>et</strong></span> <span class='ocrx_word' id='word_1_96' title='bbox 559 1507 693 1569; x_wconf 88' lang='lat' dir='ltr'><strong>eiusdem</strong></span> <span class='ocrx_word' id='word_1_97' title='bbox 717 1526 789 1568; x_wconf 93' lang='lat' dir='ltr'><strong>suco</strong></span> <span class='ocrx_word' id='word_1_98' title='bbox 813 1510 844 1568; x_wconf 91' lang='lat' dir='ltr'><strong>in</strong></span> 
     </span>
    </p>

    <p class='ocr_par' dir='ltr' id='par_1_5' title="bbox 53 1593 977 2032">
     <span class='ocr_line' id='line_1_16' title="bbox 53 1593 844 1675; baseline 0.005 -21"><span class='ocrx_word' id='word_1_99' title='bbox 53 1605 77 1645; x_wconf 76' lang='lat'><strong>1⁵</strong></span> <span class='ocrx_word' id='word_1_100' title='bbox 92 1602 179 1655; x_wconf 86' lang='lat' dir='ltr'><strong>aceto</strong></span> <span class='ocrx_word' id='word_1_101' title='bbox 198 1593 339 1656; x_wconf 87' lang='lat' dir='ltr'><strong>decoctae</strong></span> <span class='ocrx_word' id='word_1_102' title='bbox 360 1596 506 1675; x_wconf 79' lang='lat' dir='ltr'><strong>tepefacto</strong></span> <span class='ocrx_word' id='word_1_103' title='bbox 526 1597 630 1659; x_wconf 90' lang='lat' dir='ltr'><strong>dentes</strong></span> <span class='ocrx_word' id='word_1_104' title='bbox 654 1596 844 1658; x_wconf 88' lang='lat' dir='ltr'><strong>conluuntur.</strong></span> 
     </span>
     <span class='ocr_line' id='line_1_17' title="bbox 92 1683 977 1765; baseline 0.002 -22"><span class='ocrx_word' id='word_1_105' title='bbox 92 1683 334 1762; x_wconf 83' lang='lat' dir='ltr'><strong>quinquefolium</strong></span> <span class='ocrx_word' id='word_1_106' title='bbox 356 1687 465 1764; x_wconf 92' lang='lat' dir='ltr'><strong>inquo</strong></span> <span class='ocrx_word' id='word_1_107' title='bbox 488 1685 570 1765; x_wconf 83' lang='lat' dir='ltr'><strong>fraga</strong></span> <span class='ocrx_word' id='word_1_108' title='bbox 587 1693 753 1746; x_wconf 92' lang='lat' dir='ltr'><strong>nascuntur</strong></span> <span class='ocrx_word' id='word_1_109' title='bbox 772 1686 843 1747; x_wconf 90' lang='lat' dir='ltr'><strong>elui·</strong></span> <span class='ocrx_word' id='word_1_110' title='bbox 872 1695 977 1758; x_wconf 66' lang='lat' dir='ltr'><strong>conco.</strong></span> 
     </span>
     <span class='ocr_line' id='line_1_18' title="bbox 93 1773 843 1854; baseline 0.004 -23"><span class='ocrx_word' id='word_1_111' title='bbox 93 1779 144 1832; x_wconf 94' lang='lat' dir='ltr'><strong>tur</strong></span> <span class='ocrx_word' id='word_1_112' title='bbox 167 1780 252 1834; x_wconf 90' lang='lat' dir='ltr'><strong>aceto</strong></span> <span class='ocrx_word' id='word_1_113' title='bbox 277 1775 337 1833; x_wconf 89' lang='lat' dir='ltr'><strong>sive</strong></span> <span class='ocrx_word' id='word_1_114' title='bbox 361 1791 436 1852; x_wconf 90' lang='lat' dir='ltr'><strong>aqua</strong></span> <span class='ocrx_word' id='word_1_115' title='bbox 458 1777 584 1854; x_wconf 87' lang='lat' dir='ltr'><strong>marina,</strong></span> <span class='ocrx_word' id='word_1_116' title='bbox 613 1773 718 1834; x_wconf 90' lang='lat' dir='ltr'><strong>deinde</strong></span> <span class='ocrx_word' id='word_1_117' title='bbox 743 1776 843 1854; x_wconf 87' lang='lat' dir='ltr'><strong>coqui-</strong></span> 
     </span>
     <span class='ocr_line' id='line_1_19' title="bbox 93 1862 844 1942; baseline 0.003 -21"><span class='ocrx_word' id='word_1_118' title='bbox 93 1869 144 1921; x_wconf 85' lang='lat' dir='ltr'><strong>tur</strong></span> <span class='ocrx_word' id='word_1_119' title='bbox 169 1862 206 1923; x_wconf 90' lang='lat' dir='ltr'><strong>ad</strong></span> <span class='ocrx_word' id='word_1_120' title='bbox 234 1864 338 1923; x_wconf 87' lang='lat' dir='ltr'><strong>tertias</strong></span> <span class='ocrx_word' id='word_1_121' title='bbox 361 1882 397 1923; x_wconf 87' lang='lat' dir='ltr'><strong>ex</strong></span> <span class='ocrx_word' id='word_1_122' title='bbox 425 1865 493 1923; x_wconf 92' lang='lat' dir='ltr'><strong>vino</strong></span> <span class='ocrx_word' id='word_1_123' title='bbox 517 1870 668 1942; x_wconf 77' lang='lat' dir='ltr'><strong>elecem,</strong></span> <span class='ocrx_word' id='word_1_124' title='bbox 695 1863 785 1942; x_wconf 91' lang='lat' dir='ltr'><strong>idque</strong></span> <span class='ocrx_word' id='word_1_125' title='bbox 812 1865 844 1923; x_wconf 95' lang='lat' dir='ltr'><strong>in</strong></span> 
     </span>
     <span class='ocr_line' id='line_1_20' title="bbox 93 1950 943 2032; baseline 0.002 -21"><span class='ocrx_word' id='word_1_126' title='bbox 93 1969 146 2011; x_wconf 92' lang='lat' dir='ltr'><strong>ore</strong></span> <span class='ocrx_word' id='word_1_127' title='bbox 164 1952 219 2013; x_wconf 90' lang='lat' dir='ltr'><strong>&#39;diu</strong></span> <span class='ocrx_word' id='word_1_128' title='bbox 242 1953 420 2014; x_wconf 89' lang='lat' dir='ltr'><strong>continetur.</strong></span> <span class='ocrx_word' id='word_1_129' title='bbox 457 1952 577 2032; x_wconf 87' lang='lat' dir='ltr'><strong>quidam</strong></span> <span class='ocrx_word' id='word_1_130' title='bbox 599 1950 714 2014; x_wconf 84' lang='lat' dir='ltr'><strong>malunt</strong></span> <span class='ocrx_word' id='word_1_131' title='bbox 742 1954 841 2015; x_wconf 90' lang='lat' dir='ltr'><strong>cinere</strong></span> <span class='ocrx_word' id='word_1_132' title='bbox 906 1953 943 2008; x_wconf 64' lang='lat' dir='ltr'><strong>ab.</strong></span> 
     </span>
    </p>

    <p class='ocr_par' dir='ltr' id='par_1_6' title="bbox 53 2040 950 2458">
     <span class='ocr_line' id='line_1_21' title="bbox 53 2040 944 2145; baseline 0.002 -45"><span class='ocrx_word' id='word_1_133' title='bbox 53 2052 79 2093; x_wconf 79' lang='lat'><strong>2⁰</strong></span> <span class='ocrx_word' id='word_1_134' title='bbox 94 2042 160 2101; x_wconf 93' lang='lat' dir='ltr'><strong>eius</strong></span> <span class='ocrx_word' id='word_1_135' title='bbox 188 2040 294 2101; x_wconf 89' lang='lat' dir='ltr'><strong>dentes</strong></span> <span class='ocrx_word' id='word_1_136' title='bbox 317 2041 433 2102; x_wconf 92' lang='lat' dir='ltr'><strong>lricare.</strong></span> <span class='ocrx_word' id='word_1_137' title='bbox 486 2042 602 2145; x_wconf 81' lang='lat' dir='ltr'><strong>hysopo</strong></span> <span class='ocrx_word' id='word_1_138' title='bbox 629 2041 707 2102; x_wconf 92' lang='lat' dir='ltr'><strong>utilit</strong></span> <span class='ocrx_word' id='word_1_139' title='bbox 695 2049 742 2102; x_wconf 89' lang='lat' dir='ltr'><strong>ter</strong></span> <span class='ocrx_word' id='word_1_140' title='bbox 774 2061 843 2102; x_wconf 93' lang='lat' dir='ltr'><strong>con·</strong></span> <span class='ocrx_word' id='word_1_141' title='bbox 906 2043 944 2100; x_wconf 81' lang='lat' dir='ltr'><strong>ib</strong></span> 
     </span>
     <span class='ocr_line' id='line_1_22' title="bbox 93 2129 958 2209; baseline 0.001 -20"><span class='ocrx_word' id='word_1_142' title='bbox 93 2129 230 2209; x_wconf 90' lang='lat' dir='ltr'><strong>luuntur.</strong></span> <span class='ocrx_word' id='word_1_143' title='bbox 267 2133 346 2190; x_wconf 92' lang='lat' dir='ltr'><strong>cavis</strong></span> <span class='ocrx_word' id='word_1_144' title='bbox 375 2130 515 2191; x_wconf 91' lang='lat' dir='ltr'><strong>dentibus</strong></span> <span class='ocrx_word' id='word_1_145' title='bbox 544 2133 619 2200; x_wconf 88' lang='lat' dir='ltr'><strong>cinis</strong></span> <span class='ocrx_word' id='word_1_146' title='bbox 642 2133 754 2192; x_wconf 91' lang='lat' dir='ltr'><strong>murini</strong></span> <span class='ocrx_word' id='word_1_147' title='bbox 781 2131 844 2190; x_wconf 88' lang='lat' dir='ltr'><strong>fimi</strong></span> <span class='ocrx_word' id='word_1_148' title='bbox 871 2142 914 2204; x_wconf 90' lang='lat'><strong>30</strong></span> <span class='ocrx_word' id='word_1_149' title='bbox 916 2142 958 2190; x_wconf 92' lang='grc'><strong>22</strong></span> 
     </span>
     <span class='ocr_line' id='line_1_23' title="bbox 92 2217 958 2292; baseline 0 -14"><span class='ocrx_word' id='word_1_150' title='bbox 92 2219 216 2279; x_wconf 89' lang='lat' dir='ltr'><strong>inditur.</strong></span> <span class='ocrx_word' id='word_1_151' title='bbox 252 2237 369 2280; x_wconf 87' lang='lat' dir='ltr'><strong>vermes</strong></span> <span class='ocrx_word' id='word_1_152' title='bbox 392 2222 506 2281; x_wconf 89' lang='lat' dir='ltr'><strong>terreni</strong></span> <span class='ocrx_word' id='word_1_153' title='bbox 514 2217 678 2280; x_wconf 87' lang='lat' dir='ltr'><strong>decocti&#39;</strong></span> <span class='ocrx_word' id='word_1_154' title='bbox 670 2239 702 2279; x_wconf 91' lang='grc' dir='ltr'><strong>ιιι</strong></span> <span class='ocrx_word' id='word_1_155' title='bbox 725 2219 789 2280; x_wconf 89' lang='lat' dir='ltr'><strong>oleo</strong></span> <span class='ocrx_word' id='word_1_156' title='bbox 814 2227 844 2280; x_wconf 90' lang='lat' dir='ltr'><strong>ct</strong></span> <span class='ocrx_word' id='word_1_157' title='bbox 871 2230 958 2332; x_wconf 64' lang='grc'><strong>34223.</strong></span> 
     </span>
     <span class='ocr_line' id='line_1_24' title="bbox 93 2307 844 2387; baseline 0.003 -21"><span class='ocrx_word' id='word_1_158' title='bbox 93 2309 157 2367; x_wconf 89' lang='lat' dir='ltr'><strong>triti</strong></span> <span class='ocrx_word' id='word_1_159' title='bbox 135 2307 381 2370; x_wconf 92' lang='lat' dir='ltr'><strong>tinfunduntur</strong></span> <span class='ocrx_word' id='word_1_160' title='bbox 400 2309 549 2370; x_wconf 86' lang='lat' dir='ltr'><strong>auriculae</strong></span> <span class='ocrx_word' id='word_1_161' title='bbox 570 2307 606 2368; x_wconf 91' lang='lat' dir='ltr'><strong>ab</strong></span> <span class='ocrx_word' id='word_1_162' title='bbox 625 2327 660 2368; x_wconf 87' lang='lat' dir='ltr'><strong>ca</strong></span> <span class='ocrx_word' id='word_1_163' title='bbox 682 2316 766 2387; x_wconf 84' lang='lat' dir='ltr'><strong>parte</strong></span> <span class='ocrx_word' id='word_1_164' title='bbox 786 2326 844 2387; x_wconf 85' lang='lat' dir='ltr'><strong>qua</strong></span> 
     </span>
     <span class='ocr_line' id='line_1_25' title="bbox 94 2396 844 2458; baseline 0 -2"><span class='ocrx_word' id='word_1_165' title='bbox 94 2396 200 2457; x_wconf 87' lang='lat' dir='ltr'><strong>dentes</strong></span> <span class='ocrx_word' id='word_1_166' title='bbox 233 2396 341 2458; x_wconf 90' lang='lat' dir='ltr'><strong>dolent.</strong></span> <span class='ocrx_word' id='word_1_167' title='bbox 388 2398 552 2458; x_wconf 90' lang='lat' dir='ltr'><strong>eorundem</strong></span> <span class='ocrx_word' id='word_1_168' title='bbox 586 2400 732 2458; x_wconf 91' lang='lat' dir='ltr'><strong>vermium</strong></span> <span class='ocrx_word' id='word_1_169' title='bbox 769 2399 844 2457; x_wconf 93' lang='lat' dir='ltr'><strong>cinis</strong></span> 
     </span>
    </p>

    <p class='ocr_par' dir='ltr' id='par_1_7' title="bbox 56 2485 944 2726">
     <span class='ocr_line' id='line_1_26' title="bbox 56 2485 844 2548; baseline 0 -3"><span class='ocrx_word' id='word_1_170' title='bbox 56 2496 81 2536; x_wconf 77' lang='lat'><strong>25</strong></span> <span class='ocrx_word' id='word_1_171' title='bbox 95 2487 193 2546; x_wconf 85' lang='lat' dir='ltr'><strong>exesis</strong></span> <span class='ocrx_word' id='word_1_172' title='bbox 217 2485 288 2546; x_wconf 91' lang='lat' dir='ltr'><strong>dent</strong></span> <span class='ocrx_word' id='word_1_173' title='bbox 289 2485 356 2546; x_wconf 91' lang='lat' dir='ltr'><strong>ibus</strong></span> <span class='ocrx_word' id='word_1_174' title='bbox 375 2489 528 2548; x_wconf 88' lang='lat' dir='ltr'><strong>coniectus</strong></span> <span class='ocrx_word' id='word_1_175' title='bbox 548 2493 578 2546; x_wconf 91' lang='lat' dir='ltr'><strong>ct</strong></span> <span class='ocrx_word' id='word_1_176' title='bbox 596 2505 665 2547; x_wconf 89' lang='lat' dir='ltr'><strong>cera</strong></span> <span class='ocrx_word' id='word_1_177' title='bbox 688 2485 844 2547; x_wconf 89' lang='lat' dir='ltr'><strong>obturatus</strong></span> 
     </span>
     <span class='ocr_line' id='line_1_27' title="bbox 94 2573 944 2654; baseline -0.004 -21"><span class='ocrx_word' id='word_1_178' title='bbox 94 2573 235 2652; x_wconf 87' lang='lat' dir='ltr'><strong>perfacile</strong></span> <span class='ocrx_word' id='word_1_179' title='bbox 259 2593 310 2634; x_wconf 93' lang='lat' dir='ltr'><strong>eos</strong></span> <span class='ocrx_word' id='word_1_180' title='bbox 334 2576 439 2636; x_wconf 82' lang='lat' dir='ltr'><strong>cedere</strong></span> <span class='ocrx_word' id='word_1_181' title='bbox 468 2577 555 2654; x_wconf 83' lang='lat' dir='ltr'><strong>cogit.</strong></span> <span class='ocrx_word' id='word_1_182' title='bbox 592 2574 671 2635; x_wconf 90' lang='lat' dir='ltr'><strong>idem</strong></span> <span class='ocrx_word' id='word_1_183' title='bbox 699 2577 844 2635; x_wconf 90' lang='lat' dir='ltr'><strong>vermium</strong></span> <span class='ocrx_word' id='word_1_184' title='bbox 906 2577 944 2630; x_wconf 76' lang='lat' dir='ltr'><strong>eb.</strong></span> 
     </span>
     <span class='ocr_line' id='line_1_28' title="bbox 94 2663 843 2726; baseline 0 -4"><span class='ocrx_word' id='word_1_185' title='bbox 94 2664 170 2723; x_wconf 93' lang='lat' dir='ltr'><strong>cinis</strong></span> <span class='ocrx_word' id='word_1_186' title='bbox 192 2663 296 2724; x_wconf 91' lang='lat' dir='ltr'><strong>inlitus</strong></span> <span class='ocrx_word' id='word_1_187' title='bbox 319 2664 489 2726; x_wconf 90' lang='lat' dir='ltr'><strong>dolentibus</strong></span> <span class='ocrx_word' id='word_1_188' title='bbox 511 2665 604 2726; x_wconf 87' lang='lat' dir='ltr'><strong>iuvat:</strong></span> <span class='ocrx_word' id='word_1_189' title='bbox 636 2663 771 2724; x_wconf 90' lang='lat' dir='ltr'><strong>comburi</strong></span> <span class='ocrx_word' id='word_1_190' title='bbox 794 2664 843 2723; x_wconf 89' lang='lat' dir='ltr'><strong>de-</strong></span> 
     </span>
    </p>
   </div>
   <div class='ocr_carea' id='block_1_3' title="bbox 90 2901 1113 3619">
    <p class='ocr_par' dir='ltr' id='par_1_8' title="bbox 92 2901 1113 3619">
     <span class='ocr_line' id='line_1_29' title="bbox 167 2901 1112 2977; baseline -0.004 -18"><span class='ocrx_word' id='word_1_191' title='bbox 167 2904 318 2974; x_wconf 82' lang='lat' dir='ltr'><strong>lccpnficr</strong></span> <span class='ocrx_word' id='word_1_192' title='bbox 328 2905 468 2976; x_wconf 78' lang='lat' dir='ltr'><strong>(caprofici</strong></span> <span class='ocrx_word' id='word_1_193' title='bbox 476 2908 517 2977; x_wconf 91' lang='grc'><strong>9)</strong></span> <span class='ocrx_word' id='word_1_194' title='bbox 532 2922 612 2960; x_wconf 79' lang='lat' dir='ltr'><strong>emmo</strong></span> <span class='ocrx_word' id='word_1_195' title='bbox 622 2922 694 2960; x_wconf 84' lang='lat' dir='ltr'><strong>mon</strong></span> <span class='ocrx_word' id='word_1_196' title='bbox 686 2905 761 2974; x_wconf 88' lang='lat' dir='ltr'><strong>(Pl</strong></span> <span class='ocrx_word' id='word_1_197' title='bbox 772 2911 806 2959; x_wconf 79' lang='lat'><strong>23</strong></span> <span class='ocrx_word' id='word_1_198' title='bbox 809 2905 888 2973; x_wconf 89' lang='grc'><strong>,140).</strong></span> <span class='ocrx_word' id='word_1_199' title='bbox 926 2901 1058 2957; x_wconf 77' lang='lat' dir='ltr'><strong>bassulae</strong></span> <span class='ocrx_word' id='word_1_200' title='bbox 1066 2903 1112 2956; x_wconf 89' lang='lat' dir='ltr'><strong>Pl</strong></span> 
     </span>
     <span class='ocr_line' id='line_1_30' title="bbox 132 2974 1112 3046; baseline -0.005 -14"><span class='ocrx_word' id='word_1_201' title='bbox 132 2977 297 3046; x_wconf 69' lang='lat' dir='ltr'><strong>baucherip.</strong></span> <span class='ocrx_word' id='word_1_202' title='bbox 334 2983 369 3032; x_wconf 91' lang='lat'><strong>10</strong></span> <span class='ocrx_word' id='word_1_203' title='bbox 388 2977 583 3046; x_wconf 77' lang='lat' dir='ltr'><strong>adversump:</strong></span> <span class='ocrx_word' id='word_1_204' title='bbox 603 2979 705 3033; x_wconf 75' lang='lat' dir='ltr'><strong>-susd</strong></span> <span class='ocrx_word' id='word_1_205' title='bbox 748 2983 781 3030; x_wconf 89' lang='lat'><strong>13</strong></span> <span class='ocrx_word' id='word_1_206' title='bbox 801 2974 979 3043; x_wconf 76' lang='lat' dir='ltr'><strong>osciamipd</strong></span> <span class='ocrx_word' id='word_1_207' title='bbox 1017 2978 1050 3027; x_wconf 78' lang='lat'><strong>13</strong></span> <span class='ocrx_word' id='word_1_208' title='bbox 1065 2974 1112 3028; x_wconf 91' lang='lat' dir='ltr'><strong>de</strong></span> 
     </span>
     <span class='ocr_line' id='line_1_31' title="bbox 95 3044 1075 3132; baseline -0.002 -30"><span class='ocrx_word' id='word_1_209' title='bbox 95 3050 193 3103; x_wconf 80' lang='lat' dir='ltr'><strong>coctae</strong></span> <span class='ocrx_word' id='word_1_210' title='bbox 207 3048 288 3130; x_wconf 88' lang='lat' dir='ltr'><strong>Pl)</strong></span> <span class='ocrx_word' id='word_1_211' title='bbox 307 3044 418 3132; x_wconf 73' lang='lat' dir='ltr'><strong>docte(</strong></span> <span class='ocrx_word' id='word_1_212' title='bbox 418 3050 468 3118; x_wconf 80' lang='lat' dir='ltr'><strong>sic)</strong></span> <span class='ocrx_word' id='word_1_213' title='bbox 458 3052 513 3118; x_wconf 85' lang='grc'><strong>),9</strong></span> <span class='ocrx_word' id='word_1_214' title='bbox 533 3048 695 3103; x_wconf 78' lang='lat' dir='ltr'><strong>decoctori</strong></span> <span class='ocrx_word' id='word_1_215' title='bbox 746 3053 780 3103; x_wconf 88' lang='lat'><strong>18</strong></span> <span class='ocrx_word' id='word_1_216' title='bbox 794 3046 830 3101; x_wconf 83' lang='lat' dir='ltr'><strong>cd</strong></span> <span class='ocrx_word' id='word_1_217' title='bbox 843 3064 874 3117; x_wconf 90' lang='grc'><strong>9.</strong></span> <span class='ocrx_word' id='word_1_218' title='bbox 892 3061 981 3128; x_wconf 87' lang='lat' dir='ltr'><strong>usquc</strong></span> <span class='ocrx_word' id='word_1_219' title='bbox 999 3045 1075 3100; x_wconf 78' lang='lat' dir='ltr'><strong>add.</strong></span> 
     </span>
     <span class='ocr_line' id='line_1_32' title="bbox 96 3115 1112 3175; baseline -0.001 -2"><span class='ocrx_word' id='word_1_220' title='bbox 96 3126 129 3175; x_wconf 86' lang='grc'><strong>19</strong></span> <span class='ocrx_word' id='word_1_221' title='bbox 157 3137 195 3174; x_wconf 88' lang='lat' dir='ltr'><strong>m</strong></span> <span class='ocrx_word' id='word_1_222' title='bbox 216 3118 279 3174; x_wconf 82' lang='lat' dir='ltr'><strong>eins</strong></span> <span class='ocrx_word' id='word_1_223' title='bbox 310 3120 402 3175; x_wconf 85' lang='lat' dir='ltr'><strong>cinere</strong></span> <span class='ocrx_word' id='word_1_224' title='bbox 434 3121 461 3175; x_wconf 84' lang='lat' dir='ltr'><strong>d</strong></span> <span class='ocrx_word' id='word_1_225' title='bbox 559 3126 593 3174; x_wconf 87' lang='grc'><strong>22</strong></span> <span class='ocrx_word' id='word_1_226' title='bbox 621 3137 647 3175; x_wconf 86' lang='lat' dir='ltr'>v</span> <span class='ocrx_word' id='word_1_227' title='bbox 671 3121 692 3175; x_wconf 82' lang='lat' dir='ltr'><strong>t.</strong></span> <span class='ocrx_word' id='word_1_228' title='bbox 720 3119 750 3173; x_wconf 93' lang='lat' dir='ltr'><strong>id</strong></span> <span class='ocrx_word' id='word_1_229' title='bbox 782 3119 825 3173; x_wconf 83' lang='lat' dir='ltr'><strong>est</strong></span> <span class='ocrx_word' id='word_1_230' title='bbox 855 3115 987 3172; x_wconf 86' lang='lat' dir='ltr'><strong>lumbrici</strong></span> <span class='ocrx_word' id='word_1_231' title='bbox 1020 3117 1112 3172; x_wconf 80' lang='lat' dir='ltr'><strong>Marc.</strong></span> 
     </span>
     <span class='ocr_line' id='line_1_33' title="bbox 90 3187 1112 3261; baseline -0.003 -15.829"><span class='ocrx_word' id='word_1_232' title='bbox 90 3196 179 3260; x_wconf 84' lang='lat' dir='ltr'><strong>p9.3</strong></span> <span class='ocrx_word' id='word_1_233' title='bbox 202 3190 255 3257; x_wconf 79' lang='lat' dir='ltr'><strong>inf.</strong></span> <span class='ocrx_word' id='word_1_234' title='bbox 320 3191 694 3261; x_wconf 65' lang='lat' dir='ltr'><strong>ndqdclentdentesd.</strong></span> <span class='ocrx_word' id='word_1_235' title='bbox 759 3189 954 3245; x_wconf 69' lang='lat' dir='ltr'><strong>concuicatur</strong></span> <span class='ocrx_word' id='word_1_236' title='bbox 982 3187 1112 3256; x_wconf 85' lang='lat' dir='ltr'><strong>(insertus</strong></span> 
     </span>
     <span class='ocr_line' id='line_1_34' title="bbox 96 3259 1112 3332; baseline -0.002 -16"><span class='ocrx_word' id='word_1_237' title='bbox 96 3263 213 3332; x_wconf 61' lang='lat' dir='ltr'><strong>Maced·</strong></span> <span class='ocrx_word' id='word_1_238' title='bbox 252 3263 286 3330; x_wconf 81' lang='lat' dir='ltr'><strong>cf.</strong></span> <span class='ocrx_word' id='word_1_239' title='bbox 315 3262 406 3332; x_wconf 76' lang='lat' dir='ltr'><strong>Sillip.</strong></span> <span class='ocrx_word' id='word_1_240' title='bbox 435 3263 472 3318; x_wconf 84' lang='lat' dir='ltr'><strong>ad</strong></span> <span class='ocrx_word' id='word_1_241' title='bbox 497 3263 542 3317; x_wconf 85' lang='lat' dir='ltr'><strong>Pl</strong></span> <span class='ocrx_word' id='word_1_242' title='bbox 570 3262 683 3331; x_wconf 80' lang='lat' dir='ltr'><strong>(colotis</strong></span> <span class='ocrx_word' id='word_1_243' title='bbox 707 3262 777 3316; x_wconf 85' lang='lat' dir='ltr'><strong>male</strong></span> <span class='ocrx_word' id='word_1_244' title='bbox 803 3277 855 3316; x_wconf 83' lang='lat' dir='ltr'><strong>cor.</strong></span> <span class='ocrx_word' id='word_1_245' title='bbox 874 3260 947 3330; x_wconf 78' lang='lat' dir='ltr'><strong>Jan,</strong></span> <span class='ocrx_word' id='word_1_246' title='bbox 977 3259 1112 3314; x_wconf 80' lang='lat' dir='ltr'><strong>collectus</strong></span> 
     </span>
     <span class='ocr_line' id='line_1_35' title="bbox 93 3331 1113 3402; baseline -0.003 -15"><span class='ocrx_word' id='word_1_247' title='bbox 93 3335 163 3392; x_wconf 73' lang='lat' dir='ltr'><strong>orale</strong></span> <span class='ocrx_word' id='word_1_248' title='bbox 186 3333 272 3402; x_wconf 74' lang='lat' dir='ltr'><strong>Dect,</strong></span> <span class='ocrx_word' id='word_1_249' title='bbox 300 3333 411 3390; x_wconf 82' lang='lat' dir='ltr'><strong>iniectis</strong></span> <span class='ocrx_word' id='word_1_250' title='bbox 433 3335 467 3402; x_wconf 84' lang='lat' dir='ltr'><strong>r).</strong></span> <span class='ocrx_word' id='word_1_251' title='bbox 494 3335 510 3401; x_wconf 79' lang='lat' dir='ltr'><strong>l</strong></span> <span class='ocrx_word' id='word_1_252' title='bbox 523 3334 552 3388; x_wconf 82' lang='lat' dir='ltr'><strong>eb</strong></span> <span class='ocrx_word' id='word_1_253' title='bbox 570 3350 635 3388; x_wconf 77' lang='lat' dir='ltr'><strong>cera</strong></span> <span class='ocrx_word' id='word_1_254' title='bbox 653 3331 802 3388; x_wconf 81' lang='lat' dir='ltr'><strong>obcurctns</strong></span> <span class='ocrx_word' id='word_1_255' title='bbox 820 3350 838 3402; x_wconf 93' lang='grc'><em>9</em></span> <span class='ocrx_word' id='word_1_256' title='bbox 856 3334 932 3399; x_wconf 79' lang='lat' dir='ltr'><strong>(hoec</strong></span> <span class='ocrx_word' id='word_1_257' title='bbox 954 3347 1012 3386; x_wconf 82' lang='grc' dir='ltr'>ιιιιιι</span> <span class='ocrx_word' id='word_1_258' title='bbox 1032 3331 1113 3385; x_wconf 79' lang='lat' dir='ltr'><strong>babet</strong></span> 
     </span>
     <span class='ocr_line' id='line_1_36' title="bbox 93 3400 1110 3472; baseline -0.006 -13"><span class='ocrx_word' id='word_1_259' title='bbox 93 3409 184 3460; x_wconf 70' lang='lat' dir='ltr'><strong>tectus</strong></span> <span class='ocrx_word' id='word_1_260' title='bbox 204 3406 274 3472; x_wconf 84' lang='lat' dir='ltr'><strong>Pl),</strong></span> <span class='ocrx_word' id='word_1_261' title='bbox 299 3406 410 3460; x_wconf 82' lang='lat' dir='ltr'><strong>etcera</strong></span> <span class='ocrx_word' id='word_1_262' title='bbox 428 3404 619 3471; x_wconf 79' lang='lat' dir='ltr'><strong>obteraturd,</strong></span> <span class='ocrx_word' id='word_1_263' title='bbox 645 3405 674 3458; x_wconf 88' lang='lat' dir='ltr'><strong>et</strong></span> <span class='ocrx_word' id='word_1_264' title='bbox 696 3404 813 3460; x_wconf 81' lang='lat' dir='ltr'><strong>cacteris</strong></span> <span class='ocrx_word' id='word_1_265' title='bbox 832 3419 914 3459; x_wconf 77' lang='lat' dir='ltr'><strong>caera</strong></span> <span class='ocrx_word' id='word_1_266' title='bbox 931 3400 1110 3467; x_wconf 77' lang='lat' dir='ltr'><strong>obturetisr,</strong></span> 
     </span>
     <span class='ocr_line' id='line_1_37' title="bbox 93 3443 1111 3545; baseline -0.006 -14"><span class='ocrx_word' id='word_1_267' title='bbox 93 3477 124 3531; x_wconf 83' lang='lat' dir='ltr'><strong>et</strong></span> <span class='ocrx_word' id='word_1_268' title='bbox 142 3493 208 3532; x_wconf 78' lang='lat' dir='ltr'><strong>cern</strong></span> <span class='ocrx_word' id='word_1_269' title='bbox 227 3477 340 3545; x_wconf 81' lang='lat' dir='ltr'><strong>opertus</strong></span> <span class='ocrx_word' id='word_1_270' title='bbox 361 3477 452 3530; x_wconf 81' lang='lat' dir='ltr'><strong>Marc.</strong></span> <span class='ocrx_word' id='word_1_271' title='bbox 472 3476 506 3542; x_wconf 80' lang='lat' dir='ltr'><strong>cf.</strong></span> <span class='ocrx_word' id='word_1_272' title='bbox 528 3476 573 3530; x_wconf 91' lang='lat' dir='ltr'><strong>Pl.</strong></span> <span class='ocrx_word' id='word_1_273' title='bbox 589 3481 694 3542; x_wconf 81' lang='grc'>22,1.06</span> <span class='ocrx_word' id='word_1_274' title='bbox 758 3481 791 3529; x_wconf 73' lang='grc'><strong>22</strong></span> <span class='ocrx_word' id='word_1_275' title='bbox 810 3475 908 3529; x_wconf 88' lang='lat' dir='ltr'><strong>inlitus</strong></span> <span class='ocrx_word' id='word_1_276' title='bbox 929 3475 986 3527; x_wconf 83' lang='lat' dir='ltr'><strong>Pl:</strong></span> <span class='ocrx_word' id='word_1_277' title='bbox 980 3443 1111 3526; x_wconf 77' lang='lat' dir='ltr'><strong>·inditus¹</strong></span> 
     </span>
     <span class='ocr_line' id='line_1_38' title="bbox 92 3545 688 3619; baseline -0.003 -16"><span class='ocrx_word' id='word_1_278' title='bbox 92 3549 134 3617; x_wconf 72' lang='lat' dir='ltr'><strong>qd</strong></span> <span class='ocrx_word' id='word_1_279' title='bbox 152 3549 198 3619; x_wconf 83' lang='lat' dir='ltr'><strong>(r).</strong></span> <span class='ocrx_word' id='word_1_280' title='bbox 220 3549 225 3619; x_wconf 89' lang='grc' dir='ltr'>Ι</span> <span class='ocrx_word' id='word_1_281' title='bbox 249 3547 408 3605; x_wconf 77' lang='lat' dir='ltr'><strong>dolentibus</strong></span> <span class='ocrx_word' id='word_1_282' title='bbox 425 3563 475 3616; x_wconf 84' lang='grc' dir='ltr'>9ι·</span> <span class='ocrx_word' id='word_1_283' title='bbox 499 3545 642 3601; x_wconf 80' lang='lat' dir='ltr'><strong>doloribus</strong></span> <span class='ocrx_word' id='word_1_284' title='bbox 661 3547 688 3602; x_wconf 87' lang='lat' dir='ltr'><strong>ol</strong></span> 
     </span>
    </p>
   </div>
   <div class='ocr_carea' id='block_1_4' title="bbox 0 0 1264 3925">
    <p class='ocr_par' dir='ltr' id='par_1_9' title="bbox 0 0 1264 3925">
     <span class='ocr_line' id='line_1_39' title="bbox 0 0 1264 3925; baseline 0 2"><span class='ocrx_word' id='word_1_285' title='bbox 0 0 1264 3925; x_wconf 95' lang='lat' dir='ltr'><strong> </strong></span> 
     </span>
    </p>
   </div>
  </div>
 </body>
</html>
