2517 3925
507 180 773 249 ’-184-

1244 293 1246 332 ι

246 346 316 426 ipse
339 348 466 411 austeris
485 354 515 407 ot
538 347 673 425 stypticis
695 345 780 407 adest
800 345 998 425 fermequeis
1021 346 1162 409 omnibus
1244 390 1246 410 ,

253 452 329 514 quae
352 434 414 496 sola
440 436 473 497 in
499 434 597 498 hienm
625 442 795 496 servantur:
827 452 862 495 ea
888 436 915 497 si
940 442 1056 498 matura
1083 435 1162 508 lecta
1244 441 1245 452 ¹

253 530 284 587 et
306 522 466 589 salubriter
489 522 638 587 custodita
663 524 869 604 provenerint,
898 524 989 587 etiam
1014 522 1162 603 prodesse

251 611 461 691 languentibus
488 612 650 677 adseverat
691 610 820 691 denique
847 613 942 675 farina
968 612 1103 682 inuoluta
1128 615 1159 675 in

217 770 218 775 ἵ
253 700 347 767 calido
370 702 470 763 cinere
494 700 625 764 discocta
646 702 679 763 in
702 700 832 780 querelis
854 700 968 778 utiliter
989 708 1076 781 putat
1099 709 1185 765 sto-s

189 794 205 829 *
250 789 348 851 machi
369 791 532 852 nausiantis
551 790 661 851 ollerri.
696 796 798 868 potest
819 789 930 851 malum
947 791 1075 853 mantne
1099 808 1160 853 ma·

251 880 366 939 tionum
393 880 567 957 sanguinem
601 879 775 959 reicientes,
805 878 956 957 pulmonis
988 886 1019 940 et
1048 880 1161 940 iecoris

250 968 376 1028 iniuriae
404 963 548 1028 obnoxios
571 966 739 1048 sublevare,
765 965 872 1029 melius
896 973 997 1030 tamen
1024 968 1051 1028 si
1073 986 1161 1029 num·
1244 985 1246 996 “

123 1130 126 1135 .
252 1073 341 1135 quam
362 1056 471 1117 ieiunis
494 1056 546 1117 sed
568 1063 638 1136 post
656 1055 757 1117 cibum
779 1055 875 1116 detur.
910 1058 955 1117 vis
978 1074 1050 1135 ergo
1074 1056 1161 1117 malis

144 1143 365 1206 (laticumida
387 1150 418 1205 et
440 1144 545 1225 frigida
568 1151 627 1227 est,
651 1144 731 1224 quod
753 1146 880 1206 maxime
902 1162 940 1205 ex
962 1162 998 1206 eo
1022 1162 1158 1224 compre·
1173 1161 1196 1202 so

250 1233 392 1295 benditnr
406 1232 485 1313 qnod
499 1252 590 1295 sucus
604 1235 657 1313 qui
674 1233 765 1294 luerit
778 1250 938 1313 expressus
951 1232 1037 1294 facile
1051 1236 1162 1295 transit

157 1322 192 1381 G.
206 1324 284 1383 abin
306 1340 434 1383 acorem.
470 1324 598 1384 austeris
625 1328 725 1384 tamen
752 1321 838 1382 malis
860 1329 891 1383 et
917 1322 1009 1384 acidis
1031 1331 1162 1402 possunt

251 1412 383 1472 recentia
400 1409 524 1471 vulnera
542 1413 643 1472 statim
661 1409 759 1471 claudi
778 1412 803 1471 si
822 1412 953 1473 contrita
967 1413 1159 1491 inponantur,

250 1507 384 1562 tumores
402 1506 491 1579 atque
509 1499 618 1560 livores
641 1518 678 1560 ex
696 1517 772 1578 aqua
793 1507 877 1561 cocta
895 1508 926 1561 et
944 1496 1015 1562 cum
1031 1502 1161 1581 axungia

250 1591 321 1650 trita
344 1596 547 1668 compescunt.
1053 1606 1059 1617 ·
1171 1603 1194 1644 ιε

315 1675 363 1737 Fit
390 1695 426 1737 ex
453 1676 539 1738 malis
565 1676 721 1739 manlianis
750 1676 869 1757 optimis
896 1674 995 1738 nobile
1029 1677 1159 1739 medica·
1244 1675 1245 1700 *

249 1772 383 1828 mentum
402 1765 482 1845 quod
504 1784 610 1845 graece
628 1765 750 1827 bedrioe
770 1764 894 1847 dicitur,
915 1784 1060 1846 perquam
1086 1766 1158 1829 utile

249 1861 338 1933 atque
367 1854 471 1917 efficax
498 1857 524 1915 si
551 1854 669 1935 wando
697 1852 834 1931 verendis
859 1854 995 1933 partibus
1018 1855 1158 1936 condylo-

248 1950 340 2025 mata,
366 1942 414 2006 rel
434 1942 560 2025 papulae
583 1945 750 2006 eminentes
771 1961 847 2023 quas
868 1943 1026 2007 cacoethes
1048 1945 1158 2007 medici

248 2038 368 2114 vocant,
403 2031 451 2093 vel
483 2031 591 2094 callosa
621 2050 692 2112 pars
724 2034 823 2096 carnis
859 2036 1034 2097 excreverit.
1092 2037 1191 2096 eluso

249 2122 425 2202 compositio
443 2121 510 2185 talis
529 2128 584 2183 est.
620 2121 697 2186 mala
715 2123 834 2191 concisa
849 2129 879 2184 et
896 2124 1023 2187 interius
1041 2122 1157 2202 lignosa

247 2217 332 2289 parte
359 2217 485 2290 purgata
511 2209 605 2272 librae
628 2212 720 2272 unius
746 2211 900 2293 ponderis,
928 2211 1052 2275 adiectis
1074 2214 1158 2274 croci
1244 2274 1245 2277 ,

247 2298 292 2359 ἴε.
306 2312 357 2380 vr,
379 2301 411 2360 in
433 2301 514 2380 passi
536 2301 666 2362 sextario
688 2299 898 2378 decotpruntur
920 2307 951 2360 et
973 2317 1043 2360 cum
1065 2318 1157 2364 omne

248 2389 432 2469 concoxerit,
460 2396 521 2448 tam
548 2388 599 2448 diu
622 2404 693 2448 cum
718 2387 807 2468 pulpa
831 2387 861 2448 id
889 2395 935 2449 est
962 2387 1044 2455 molli
1070 2391 1158 2470 panis

214 2544 228 2592 1
248 2537 346 2598 adesso
364 2539 407 2596 uit
419 2541 436 2597 l.
453 2542 458 2610 t
473 2539 511 2598 is:
529 2540 574 2598 bis
586 2542 717 2612 octob).
762 2541 855 2601 anolo
866 2541 972 2612 mysia
990 2542 1022 2596 in
1035 2541 1098 2599 solu
1111 2542 1157 2598 rb.

176 2609 342 2679 aprodesse
360 2627 410 2666 om.
430 2613 448 2668 l.
512 2613 695 2668 conseverat
710 2628 758 2683 9ο,
783 2614 788 2682 Ι
812 2611 842 2668 in
858 2629 911 2684 po:
938 2612 969 2670 ab
985 2611 1016 2667 in
1032 2613 1120 2683 rb(l).

141 2685 158 2735 5
176 2680 315 2736 stomachi
331 2683 398 2752 pol:
417 2684 513 2740 chum
530 2685 575 2740 rb.
631 2690 648 2740 6
666 2683 765 2740 Potest
780 2699 848 2739 vero
865 2702 903 2739 m.
916 2685 961 2739 rb.
977 2684 983 2748 1
998 2683 1155 2739 matianum

140 2751 230 2823 l(rb):
253 2753 422 2810 meltianum
438 2771 485 2825 po.
545 2753 741 2811 treicientes:
765 2753 853 2810 -libus
870 2754 1001 2825 youth).
1055 2761 1073 2810 8
1091 2754 1155 2810 mb-

141 2821 235 2880 levare
248 2825 314 2894 pol:
333 2825 459 2881 relevare
472 2827 518 2881 rb.
566 2832 599 2882 1o
613 2825 711 2882 umido
728 2824 855 2894 (humida
905 2827 972 2896 poi:
991 2826 1021 2880 et
1037 2825 1156 2882 humida

138 2895 357 2964 rblmsxime
379 2913 415 2952 ex
436 2913 470 2952 eo
487 2913 517 2967 9:
545 2913 580 2952 ex
599 2912 633 2952 eo
651 2895 772 2951 maxime
789 2897 897 2965 ol(rb.
960 2895 1155 2951 ibinmaeo·

138 2982 199 3022 rem
216 2967 234 3022 l.
251 2968 255 3035 Ι
271 2966 403 3023 austeris:
420 2967 530 3024 Hausto
548 2969 566 3022 l.
614 2973 647 3024 13
666 2967 803 3025 contrita:
822 2966 965 3027 contraria
977 2967 995 3029 l,
1041 2973 1076 3023 to
1094 2965 1153 3022 sni·

139 3036 260 3096 mathus
283 3037 397 3121 optimis
424 3037 548 3108 (obtimis
565 3040 594 3108 9)
617 3039 732 3106 potor:
758 3053 811 3094 ora.
828 3039 874 3095 rb.
904 3053 962 3107 pro
983 3037 1154 3101 animalibus

16 3153 17 3176 p
137 3107 238 3176 saepes
261 3107 420 3168 ilnnlisnu.
493 3115 526 3165 lt
549 3107 663 3167 hadrico
689 3109 739 3166 rb:
766 3108 878 3171 moneo
899 3110 949 3180 ol,
976 3108 1117 3167 muoso.

141 3183 175 3234 18
185 3179 270 3248 nique
278 3181 345 3249 pola
360 3181 443 3237 ebrb.
459 3181 464 3250 Ι
480 3179 621 3237 verendis:
634 3179 827 3249 intendisbia
840 3181 907 3250 pal,
920 3180 1093 3258 inserendis
1105 3179 1150 3236 rb.

166 3255 201 3304 19
228 3249 376 3306 cacoethes
398 3267 457 3322 epo:
484 3252 621 3310 exscodss
645 3252 706 3322 (sie)
727 3252 851 3323 potho).
912 3257 946 3308 20
964 3251 1070 3308 calloso
1090 3265 1151 3320 epo:

16 3329 18 3356 ³
139 3319 376 3390 eel(caul)oulosa
397 3322 527 3395 patah!
556 3323 711 3382 excreverit
733 3322 800 3392 pol:
832 3321 888 3379 -sib
908 3324 954 3379 rb.
979 3324 984 3391 Ι
1008 3321 1068 3378 eius
1084 3321 1150 3391 uel:

16 3385 18 3416 ²
138 3391 271 3448 ouiusrb.
304 3397 338 3448 22
349 3392 555 3464 pondernuel:
570 3395 667 3450 narb.
704 3391 1150 3464 its'omqozscropulissexba,
1244 3440 1245 3463 p

137 3462 261 3533 scrypuli
273 3481 311 3520 v1.
324 3464 359 3531 r).
400 3469 436 3520 24
452 3465 533 3521 molli
550 3465 632 3535 panis
645 3467 695 3520 out
712 3480 799 3536 epyro
812 3479 874 3535 epo:
891 3464 986 3520 mollis
1001 3464 1083 3534 panis
1100 3463 1152 3516 eut

139 3533 221 3603 opyri
239 3533 323 3605 (opiri
335 3534 378 3604 ol)
395 3536 461 3604 psl,
479 3535 560 3603 molli
577 3552 664 3606 pone,
683 3538 713 3593 et
729 3534 852 3606 sinopen
869 3537 909 3605 (et
925 3535 1048 3607 timpori
1059 3538 1085 3606 r)
1102 3533 1149 3588 rb.
