<?xml version="1.0" encoding="UTF-8"?>
<!DOCTYPE html PUBLIC "-//W3C//DTD XHTML 1.0 Transitional//EN"
    "http://www.w3.org/TR/xhtml1/DTD/xhtml1-transitional.dtd">
<html xmlns="http://www.w3.org/1999/xhtml" xml:lang="en" lang="en">
 <head>
  <title>
</title>
<meta http-equiv="Content-Type" content="text/html;charset=utf-8" />
  <meta name='ocr-system' content='tesseract 3.04.00' />
  <meta name='ocr-capabilities' content='ocr_page ocr_carea ocr_par ocr_line ocrx_word'/>
</head>
<body>
  <div class='ocr_page' id='page_1' title='image "./pliniisecundiqu00rosegoog_0083.png"; bbox 0 0 2517 3925; ppageno 0'>
   <div class='ocr_carea' id='block_1_1' title="bbox 555 189 775 253">
    <p class='ocr_par' dir='ltr' id='par_1_1' title="bbox 555 189 775 253">
     <span class='ocr_line' id='line_1_1' title="bbox 555 189 775 253; baseline -0.009 -20"><span class='ocrx_word' id='word_1_1' title='bbox 555 189 775 253; x_wconf 73' lang='lat'><strong>..73-</strong></span> 
     </span>
    </p>
   </div>
   <div class='ocr_carea' id='block_1_2' title="bbox 176 350 1249 1946">
    <p class='ocr_par' dir='ltr' id='par_1_2' title="bbox 176 350 1249 1946">
     <span class='ocr_line' id='line_1_2' title="bbox 424 350 1177 433; baseline 0 -19"><span class='ocrx_word' id='word_1_2' title='bbox 424 353 523 414; x_wconf 88' lang='lat' dir='ltr'><strong>addito</strong></span> <span class='ocrx_word' id='word_1_3' title='bbox 543 354 644 413; x_wconf 90' lang='lat' dir='ltr'><strong>cinere</strong></span> <span class='ocrx_word' id='word_1_4' title='bbox 663 370 698 412; x_wconf 84' lang='lat' dir='ltr'><strong>ex</strong></span> <span class='ocrx_word' id='word_1_5' title='bbox 718 350 836 412; x_wconf 88' lang='lat' dir='ltr'><strong>ossibus</strong></span> <span class='ocrx_word' id='word_1_6' title='bbox 858 352 1005 413; x_wconf 83' lang='lat' dir='ltr'><strong>lemurum</strong></span> <span class='ocrx_word' id='word_1_7' title='bbox 1027 371 1177 433; x_wconf 78' lang='lat' dir='ltr'><strong>agnorum</strong></span> 
     </span>
     <span class='ocr_line' id='line_1_3' title="bbox 360 438 1178 520; baseline 0.005 -21"><span class='ocrx_word' id='word_1_8' title='bbox 360 479 371 499; x_wconf 85' lang='lat'><strong>.</strong></span> <span class='ocrx_word' id='word_1_9' title='bbox 424 451 455 503; x_wconf 89' lang='lat' dir='ltr'><strong>et</strong></span> <span class='ocrx_word' id='word_1_10' title='bbox 478 444 590 504; x_wconf 89' lang='lat' dir='ltr'><strong>nitrum</strong></span> <span class='ocrx_word' id='word_1_11' title='bbox 613 450 713 503; x_wconf 90' lang='lat' dir='ltr'><strong>tusum</strong></span> <span class='ocrx_word' id='word_1_12' title='bbox 736 438 894 501; x_wconf 80' lang='lat' dir='ltr'>adhibetur</span> <span class='ocrx_word' id='word_1_13' title='bbox 920 440 1073 503; x_wconf 80' lang='lat' dir='ltr'><strong>ulceribus</strong></span> <span class='ocrx_word' id='word_1_14' title='bbox 1097 460 1178 520; x_wconf 86' lang='lat' dir='ltr'><strong>quae</strong></span> 
     </span>
     <span class='ocr_line' id='line_1_4' title="bbox 324 528 1176 607; baseline 0.006 -21"><span class='ocrx_word' id='word_1_15' title='bbox 324 534 360 588; x_wconf 79' lang='lat' dir='ltr'><strong>ib.</strong></span> <span class='ocrx_word' id='word_1_16' title='bbox 425 532 594 591; x_wconf 79' lang='lat' dir='ltr'><strong>cicatricem</strong></span> <span class='ocrx_word' id='word_1_17' title='bbox 626 548 686 589; x_wconf 89' lang='lat' dir='ltr'><strong>non</strong></span> <span class='ocrx_word' id='word_1_18' title='bbox 718 528 849 589; x_wconf 90' lang='lat' dir='ltr'><strong>trahunt.</strong></span> <span class='ocrx_word' id='word_1_19' title='bbox 894 528 995 607; x_wconf 85' lang='lat' dir='ltr'><strong>prdmc</strong></span> <span class='ocrx_word' id='word_1_20' title='bbox 1028 532 1176 592; x_wconf 86' lang='lat' dir='ltr'><strong>arietinus</strong></span> 
     </span>
     <span class='ocr_line' id='line_1_5' title="bbox 425 617 1176 698; baseline -0.001 -18"><span class='ocrx_word' id='word_1_21' title='bbox 425 637 530 680; x_wconf 89' lang='lat' dir='ltr'><strong>carnes</strong></span> <span class='ocrx_word' id='word_1_22' title='bbox 553 624 762 679; x_wconf 79' lang='lat' dir='ltr'><strong>excrescentes</strong></span> <span class='ocrx_word' id='word_1_23' title='bbox 790 618 822 677; x_wconf 92' lang='lat' dir='ltr'><strong>in</strong></span> <span class='ocrx_word' id='word_1_24' title='bbox 845 617 996 679; x_wconf 84' lang='lat' dir='ltr'><strong>ulceribus</strong></span> <span class='ocrx_word' id='word_1_25' title='bbox 1019 627 1176 698; x_wconf 82' lang='lat' dir='ltr'><strong>exaequat.</strong></span> 
     </span>
     <span class='ocr_line' id='line_1_6' title="bbox 292 708 1203 787; baseline 0.002 -21"><span class='ocrx_word' id='word_1_26' title='bbox 292 718 398 781; x_wconf 76' lang='grc'><strong>32126</strong></span> <span class='ocrx_word' id='word_1_27' title='bbox 424 708 525 769; x_wconf 88' lang='lat' dir='ltr'><strong>ulcera</strong></span> <span class='ocrx_word' id='word_1_28' title='bbox 540 726 615 786; x_wconf 90' lang='lat' dir='ltr'><strong>quae</strong></span> <span class='ocrx_word' id='word_1_29' title='bbox 630 713 755 787; x_wconf 90' lang='lat' dir='ltr'><strong>serpunt</strong></span> <span class='ocrx_word' id='word_1_30' title='bbox 770 714 799 767; x_wconf 91' lang='lat' dir='ltr'><strong>et</strong></span> <span class='ocrx_word' id='word_1_31' title='bbox 814 725 889 786; x_wconf 86' lang='lat' dir='ltr'><strong>quae</strong></span> <span class='ocrx_word' id='word_1_32' title='bbox 908 710 939 766; x_wconf 93' lang='lat' dir='ltr'><strong>in</strong></span> <span class='ocrx_word' id='word_1_33' title='bbox 953 709 979 767; x_wconf 92' lang='lat' dir='ltr'><strong>is</strong></span> <span class='ocrx_word' id='word_1_34' title='bbox 994 716 1203 770; x_wconf 65' lang='lat' dir='ltr'><strong>excrescente</strong></span> 
     </span>
     <span class='ocr_line' id='line_1_7' title="bbox 292 796 1176 876; baseline 0.001 -20"><span class='ocrx_word' id='word_1_35' title='bbox 292 807 396 873; x_wconf 71' lang='grc'><strong>32127.</strong></span> <span class='ocrx_word' id='word_1_36' title='bbox 425 798 499 858; x_wconf 90' lang='lat' dir='ltr'><strong>cinis</strong></span> <span class='ocrx_word' id='word_1_37' title='bbox 532 799 661 876; x_wconf 89' lang='lat' dir='ltr'><strong>capitum</strong></span> <span class='ocrx_word' id='word_1_38' title='bbox 693 814 848 857; x_wconf 87' lang='lat' dir='ltr'><strong>menarum</strong></span> <span class='ocrx_word' id='word_1_39' title='bbox 884 805 1011 858; x_wconf 85' lang='lat' dir='ltr'><strong>coercet.</strong></span> <span class='ocrx_word' id='word_1_40' title='bbox 1049 796 1176 858; x_wconf 79' lang='lat' dir='ltr'><strong>listudae</strong></span> 
     </span>
     <span class='ocr_line' id='line_1_8' title="bbox 425 885 1175 974; baseline -0.008 -23"><span class='ocrx_word' id='word_1_41' title='bbox 425 890 600 970; x_wconf 90' lang='lat' dir='ltr'><strong>aperiuntur</strong></span> <span class='ocrx_word' id='word_1_42' title='bbox 614 890 823 974; x_wconf 79' lang='lat' dir='ltr'><strong>siccanturque</strong></span> <span class='ocrx_word' id='word_1_43' title='bbox 844 885 1019 947; x_wconf 87' lang='lat' dir='ltr'><strong>salsamento</strong></span> <span class='ocrx_word' id='word_1_44' title='bbox 1034 905 1103 947; x_wconf 92' lang='lat' dir='ltr'><strong>cum</strong></span> <span class='ocrx_word' id='word_1_45' title='bbox 1118 886 1175 946; x_wconf 89' lang='lat' dir='ltr'><strong>lirr-</strong></span> 
     </span>
     <span class='ocr_line' id='line_1_9' title="bbox 424 974 1174 1060; baseline -0.009 -20"><span class='ocrx_word' id='word_1_46' title='bbox 424 979 504 1040; x_wconf 85' lang='lat' dir='ltr'><strong>teolo</strong></span> <span class='ocrx_word' id='word_1_47' title='bbox 527 981 663 1060; x_wconf 85' lang='lat' dir='ltr'><strong>inmisso,</strong></span> <span class='ocrx_word' id='word_1_48' title='bbox 692 980 830 1057; x_wconf 87' lang='lat' dir='ltr'><strong>intraque</strong></span> <span class='ocrx_word' id='word_1_49' title='bbox 858 974 985 1037; x_wconf 90' lang='lat' dir='ltr'><strong>alterum</strong></span> <span class='ocrx_word' id='word_1_50' title='bbox 1007 975 1087 1036; x_wconf 91' lang='lat' dir='ltr'><strong>diem</strong></span> <span class='ocrx_word' id='word_1_51' title='bbox 1110 993 1174 1034; x_wconf 89' lang='lat' dir='ltr'><strong>om-</strong></span> 
     </span>
     <span class='ocr_line' id='line_1_10' title="bbox 292 1065 1178 1147; baseline -0.003 -20"><span class='ocrx_word' id='word_1_52' title='bbox 292 1078 396 1140; x_wconf 84' lang='grc' dir='ltr'><strong>36,16ο.</strong></span> <span class='ocrx_word' id='word_1_53' title='bbox 424 1086 494 1128; x_wconf 92' lang='lat' dir='ltr'><strong>nem</strong></span> <span class='ocrx_word' id='word_1_54' title='bbox 517 1067 624 1128; x_wconf 89' lang='lat' dir='ltr'><strong>callum</strong></span> <span class='ocrx_word' id='word_1_55' title='bbox 647 1069 797 1129; x_wconf 82' lang='lat' dir='ltr'><strong>auferunt.</strong></span> <span class='ocrx_word' id='word_1_56' title='bbox 833 1068 1018 1147; x_wconf 88' lang='lat' dir='ltr'><strong>serpentium</strong></span> <span class='ocrx_word' id='word_1_57' title='bbox 1037 1065 1178 1126; x_wconf 91' lang='lat' dir='ltr'><strong>ulcerum</strong></span> 
     </span>
     <span class='ocr_line' id='line_1_11' title="bbox 240 1156 1215 1237; baseline 0 -20"><span class='ocrx_word' id='word_1_58' title='bbox 240 1168 243 1175; x_wconf 82' lang='grc'>’</span> <span class='ocrx_word' id='word_1_59' title='bbox 425 1166 544 1218; x_wconf 85' lang='lat' dir='ltr'><strong>coercet</strong></span> <span class='ocrx_word' id='word_1_60' title='bbox 571 1159 700 1235; x_wconf 91' lang='lat' dir='ltr'><strong>impetus</strong></span> <span class='ocrx_word' id='word_1_61' title='bbox 734 1156 796 1217; x_wconf 82' lang='lat' dir='ltr'><strong>calx</strong></span> <span class='ocrx_word' id='word_1_62' title='bbox 827 1175 887 1217; x_wconf 90' lang='lat' dir='ltr'><strong>ncn</strong></span> <span class='ocrx_word' id='word_1_63' title='bbox 918 1157 978 1216; x_wconf 89' lang='lat' dir='ltr'><strong>lcta</strong></span> <span class='ocrx_word' id='word_1_64' title='bbox 1009 1164 1177 1237; x_wconf 89' lang='lat' dir='ltr'><strong>temperata</strong></span> <span class='ocrx_word' id='word_1_65' title='bbox 1191 1169 1215 1208; x_wconf 88' lang='lat'><strong>1⁰</strong></span> 
     </span>
     <span class='ocr_line' id='line_1_12' title="bbox 425 1245 1175 1327; baseline 0 -21"><span class='ocrx_word' id='word_1_66' title='bbox 425 1264 461 1306; x_wconf 82' lang='lat' dir='ltr'><strong>ex</strong></span> <span class='ocrx_word' id='word_1_67' title='bbox 484 1248 599 1305; x_wconf 88' lang='lat' dir='ltr'><strong>rosacie</strong></span> <span class='ocrx_word' id='word_1_68' title='bbox 624 1252 654 1305; x_wconf 89' lang='lat' dir='ltr'><strong>et</strong></span> <span class='ocrx_word' id='word_1_69' title='bbox 677 1253 761 1305; x_wconf 89' lang='lat' dir='ltr'><strong>aceto</strong></span> <span class='ocrx_word' id='word_1_70' title='bbox 780 1249 868 1324; x_wconf 88' lang='lat' dir='ltr'><strong>atque</strong></span> <span class='ocrx_word' id='word_1_71' title='bbox 891 1245 987 1327; x_wconf 86' lang='lat' dir='ltr'><strong>inlita,</strong></span> <span class='ocrx_word' id='word_1_72' title='bbox 1011 1264 1079 1306; x_wconf 84' lang='lat' dir='ltr'><strong>mcx</strong></span> <span class='ocrx_word' id='word_1_73' title='bbox 1103 1264 1175 1306; x_wconf 86' lang='lat' dir='ltr'><strong>cera</strong></span> 
     </span>
     <span class='ocr_line' id='line_1_13' title="bbox 425 1333 1177 1412; baseline 0.003 -19"><span class='ocrx_word' id='word_1_74' title='bbox 425 1352 458 1393; x_wconf 86' lang='lat' dir='ltr'><strong>ac</strong></span> <span class='ocrx_word' id='word_1_75' title='bbox 482 1336 596 1394; x_wconf 85' lang='lat' dir='ltr'><strong>rosacic</strong></span> <span class='ocrx_word' id='word_1_76' title='bbox 619 1335 765 1412; x_wconf 83' lang='lat' dir='ltr'><strong>permixta</strong></span> <span class='ocrx_word' id='word_1_77' title='bbox 783 1333 921 1412; x_wconf 86' lang='lat' dir='ltr'><strong>perducit</strong></span> <span class='ocrx_word' id='word_1_78' title='bbox 939 1334 976 1393; x_wconf 88' lang='lat' dir='ltr'><strong>ad</strong></span> <span class='ocrx_word' id='word_1_79' title='bbox 995 1335 1177 1395; x_wconf 82' lang='lat' dir='ltr'><strong>cicatricem.</strong></span> 
     </span>
     <span class='ocr_line' id='line_1_14' title="bbox 291 1421 1179 1502; baseline 0.003 -21"><span class='ocrx_word' id='word_1_80' title='bbox 291 1432 396 1494; x_wconf 78' lang='grc'><strong>26146.</strong></span> <span class='ocrx_word' id='word_1_81' title='bbox 425 1421 611 1501; x_wconf 81' lang='lat' dir='ltr'><strong>symphytum</strong></span> <span class='ocrx_word' id='word_1_82' title='bbox 631 1424 729 1481; x_wconf 85' lang='lat' dir='ltr'><strong>emnia</strong></span> <span class='ocrx_word' id='word_1_83' title='bbox 743 1421 844 1482; x_wconf 87' lang='lat' dir='ltr'><strong>ulcera</strong></span> <span class='ocrx_word' id='word_1_84' title='bbox 863 1422 1018 1483; x_wconf 87' lang='lat' dir='ltr'><strong>celerrime</strong></span> <span class='ocrx_word' id='word_1_85' title='bbox 1037 1423 1179 1502; x_wconf 89' lang='lat' dir='ltr'><strong>perducit</strong></span> 
     </span>
     <span class='ocr_line' id='line_1_15' title="bbox 176 1508 1178 1589; baseline 0.009 -26"><span class='ocrx_word' id='word_1_86' title='bbox 176 1515 273 1578; x_wconf 90' lang='grc'><strong>26,126</strong></span> <span class='ocrx_word' id='word_1_87' title='bbox 293 1511 352 1577; x_wconf 87' lang='lat' dir='ltr'><strong>(om.</strong></span> <span class='ocrx_word' id='word_1_88' title='bbox 371 1513 396 1579; x_wconf 80' lang='lat' dir='ltr'><strong>r)</strong></span> <span class='ocrx_word' id='word_1_89' title='bbox 425 1509 460 1568; x_wconf 85' lang='lat' dir='ltr'><strong>ad</strong></span> <span class='ocrx_word' id='word_1_90' title='bbox 489 1510 659 1569; x_wconf 87' lang='lat' dir='ltr'><strong>cicatricem</strong></span> <span class='ocrx_word' id='word_1_91' title='bbox 686 1517 717 1570; x_wconf 90' lang='lat' dir='ltr'><strong>et</strong></span> <span class='ocrx_word' id='word_1_92' title='bbox 744 1517 835 1570; x_wconf 89' lang='lat' dir='ltr'><strong>sanat.</strong></span> <span class='ocrx_word' id='word_1_93' title='bbox 877 1511 1055 1589; x_wconf 87' lang='lat' dir='ltr'><strong>plantaginis</strong></span> <span class='ocrx_word' id='word_1_94' title='bbox 1083 1508 1178 1572; x_wconf 89' lang='lat' dir='ltr'><strong>sucus</strong></span> 
     </span>
     <span class='ocr_line' id='line_1_16' title="bbox 300 1597 1215 1679; baseline 0.003 -23"><span class='ocrx_word' id='word_1_95' title='bbox 300 1608 395 1670; x_wconf 65' lang='grc'><strong>26241</strong></span> <span class='ocrx_word' id='word_1_96' title='bbox 423 1597 591 1658; x_wconf 88' lang='lat' dir='ltr'><strong>infunditur</strong></span> <span class='ocrx_word' id='word_1_97' title='bbox 623 1598 743 1679; x_wconf 81' lang='lat' dir='ltr'><strong>fistulis,</strong></span> <span class='ocrx_word' id='word_1_98' title='bbox 781 1605 810 1659; x_wconf 94' lang='lat' dir='ltr'><strong>et</strong></span> <span class='ocrx_word' id='word_1_99' title='bbox 842 1601 970 1660; x_wconf 89' lang='lat' dir='ltr'><strong>mittitur</strong></span> <span class='ocrx_word' id='word_1_100' title='bbox 1001 1599 1097 1659; x_wconf 90' lang='lat' dir='ltr'><strong>isdem</strong></span> <span class='ocrx_word' id='word_1_101' title='bbox 1133 1600 1176 1660; x_wconf 90' lang='lat' dir='ltr'><strong>lel</strong></span> <span class='ocrx_word' id='word_1_102' title='bbox 1190 1611 1215 1650; x_wconf 81' lang='lat'><strong>1⁵</strong></span> 
     </span>
     <span class='ocr_line' id='line_1_17' title="bbox 293 1680 1176 1766; baseline 0.003 -21"><span class='ocrx_word' id='word_1_103' title='bbox 293 1681 352 1745; x_wconf 74' lang='lat' dir='ltr'><strong>(⁰m·</strong></span> <span class='ocrx_word' id='word_1_104' title='bbox 372 1680 396 1746; x_wconf 80' lang='lat' dir='ltr'><strong>r)</strong></span> <span class='ocrx_word' id='word_1_105' title='bbox 424 1688 575 1747; x_wconf 84' lang='lat' dir='ltr'><strong>taurinum</strong></span> <span class='ocrx_word' id='word_1_106' title='bbox 607 1705 676 1746; x_wconf 92' lang='lat' dir='ltr'><strong>cum</strong></span> <span class='ocrx_word' id='word_1_107' title='bbox 707 1690 791 1766; x_wconf 88' lang='lat' dir='ltr'><strong>porri</strong></span> <span class='ocrx_word' id='word_1_108' title='bbox 824 1706 896 1748; x_wconf 88' lang='lat' dir='ltr'><strong>succ</strong></span> <span class='ocrx_word' id='word_1_109' title='bbox 927 1690 992 1766; x_wconf 89' lang='lat' dir='ltr'><strong>pari</strong></span> <span class='ocrx_word' id='word_1_110' title='bbox 1023 1706 1176 1749; x_wconf 90' lang='lat' dir='ltr'><strong>mensura.</strong></span> 
     </span>
     <span class='ocr_line' id='line_1_18' title="bbox 291 1776 1177 1855; baseline 0.003 -22"><span class='ocrx_word' id='word_1_111' title='bbox 291 1779 394 1848; x_wconf 66' lang='grc'><strong>26242.</strong></span> <span class='ocrx_word' id='word_1_112' title='bbox 425 1777 623 1835; x_wconf 88' lang='lat' dir='ltr'><strong>carcinomata</strong></span> <span class='ocrx_word' id='word_1_113' title='bbox 646 1783 790 1837; x_wconf 81' lang='lat' dir='ltr'><strong>curantur</strong></span> <span class='ocrx_word' id='word_1_114' title='bbox 819 1776 941 1855; x_wconf 87' lang='lat' dir='ltr'><strong>coagulo</strong></span> <span class='ocrx_word' id='word_1_115' title='bbox 969 1776 1080 1855; x_wconf 83' lang='lat' dir='ltr'><strong>leporis</strong></span> <span class='ocrx_word' id='word_1_116' title='bbox 1104 1794 1177 1836; x_wconf 91' lang='lat' dir='ltr'><strong>cum</strong></span> 
     </span>
     <span class='ocr_line' id='line_1_19' title="bbox 423 1863 1249 1946; baseline 0.002 -23"><span class='ocrx_word' id='word_1_117' title='bbox 423 1865 488 1942; x_wconf 89' lang='lat' dir='ltr'><strong>pari</strong></span> <span class='ocrx_word' id='word_1_118' title='bbox 511 1881 651 1924; x_wconf 90' lang='lat' dir='ltr'><strong>mensura</strong></span> <span class='ocrx_word' id='word_1_119' title='bbox 670 1866 819 1946; x_wconf 88' lang='lat' dir='ltr'><strong>capparis,</strong></span> <span class='ocrx_word' id='word_1_120' title='bbox 843 1864 922 1942; x_wconf 90' lang='lat' dir='ltr'><strong>quod</strong></span> <span class='ocrx_word' id='word_1_121' title='bbox 940 1870 1103 1943; x_wconf 90' lang='lat' dir='ltr'><strong>utrumque</strong></span> <span class='ocrx_word' id='word_1_122' title='bbox 1124 1864 1176 1925; x_wconf 89' lang='lat' dir='ltr'><strong>ad·</strong></span> <span class='ocrx_word' id='word_1_123' title='bbox 1247 1863 1249 1910; x_wconf 77' lang='grc' dir='ltr'>ἕ</span> 
     </span>
    </p>
   </div>
   <div class='ocr_carea' id='block_1_3' title="bbox 264 1932 1247 2387">
    <p class='ocr_par' dir='ltr' id='par_1_3' title="bbox 264 1932 1247 2387">
     <span class='ocr_line' id='line_1_20' title="bbox 264 1932 1177 2033; baseline 0.008 -27"><span class='ocrx_word' id='word_1_124' title='bbox 264 1932 269 1948; x_wconf 63' lang='grc'><em>’</em></span> <span class='ocrx_word' id='word_1_125' title='bbox 324 1954 359 2007; x_wconf 80' lang='lat' dir='ltr'><strong>ib.</strong></span> <span class='ocrx_word' id='word_1_126' title='bbox 424 1970 561 2031; x_wconf 90' lang='lat' dir='ltr'><strong>spersum</strong></span> <span class='ocrx_word' id='word_1_127' title='bbox 580 1953 648 2012; x_wconf 88' lang='lat' dir='ltr'><strong>vinc</strong></span> <span class='ocrx_word' id='word_1_128' title='bbox 668 1954 776 2014; x_wconf 89' lang='lat' dir='ltr'><strong>teritur</strong></span> <span class='ocrx_word' id='word_1_129' title='bbox 794 1972 861 2014; x_wconf 88' lang='lat' dir='ltr'><strong>una.</strong></span> <span class='ocrx_word' id='word_1_130' title='bbox 889 1955 1064 2033; x_wconf 85' lang='lat' dir='ltr'><strong>gangraenis</strong></span> <span class='ocrx_word' id='word_1_131' title='bbox 1083 1955 1177 2033; x_wconf 91' lang='lat' dir='ltr'><strong>pinna</strong></span> 
     </span>
     <span class='ocr_line' id='line_1_21' title="bbox 324 2038 1217 2122; baseline 0.008 -27"><span class='ocrx_word' id='word_1_132' title='bbox 324 2043 359 2095; x_wconf 81' lang='lat' dir='ltr'><strong>ib.</strong></span> <span class='ocrx_word' id='word_1_133' title='bbox 422 2038 559 2101; x_wconf 90' lang='lat' dir='ltr'><strong>inlinitur</strong></span> <span class='ocrx_word' id='word_1_134' title='bbox 582 2040 621 2099; x_wconf 89' lang='lat' dir='ltr'><strong>lel</strong></span> <span class='ocrx_word' id='word_1_135' title='bbox 643 2043 788 2102; x_wconf 89' lang='lat' dir='ltr'><strong>ursinum.</strong></span> <span class='ocrx_word' id='word_1_136' title='bbox 824 2044 850 2101; x_wconf 91' lang='lat' dir='ltr'><strong>is</strong></span> <span class='ocrx_word' id='word_1_137' title='bbox 870 2060 944 2120; x_wconf 86' lang='lat' dir='ltr'><strong>quae</strong></span> <span class='ocrx_word' id='word_1_138' title='bbox 964 2051 1089 2122; x_wconf 90' lang='lat' dir='ltr'><strong>serpunt</strong></span> <span class='ocrx_word' id='word_1_139' title='bbox 1111 2060 1175 2102; x_wconf 89' lang='lat' dir='ltr'><strong>me·</strong></span> <span class='ocrx_word' id='word_1_140' title='bbox 1190 2054 1217 2093; x_wconf 73' lang='grc'><strong>16</strong></span> 
     </span>
     <span class='ocr_line' id='line_1_22' title="bbox 291 2124 1176 2209; baseline 0.003 -22"><span class='ocrx_word' id='word_1_141' title='bbox 291 2138 395 2202; x_wconf 67' lang='grc'><strong>28243.</strong></span> <span class='ocrx_word' id='word_1_142' title='bbox 424 2128 512 2189; x_wconf 90' lang='lat' dir='ltr'><strong>detur</strong></span> <span class='ocrx_word' id='word_1_143' title='bbox 536 2124 633 2207; x_wconf 87' lang='lat' dir='ltr'><strong>&lt;asini</strong></span> <span class='ocrx_word' id='word_1_144' title='bbox 655 2129 834 2207; x_wconf 89' lang='lat' dir='ltr'><strong>ungularum</strong></span> <span class='ocrx_word' id='word_1_145' title='bbox 856 2128 960 2209; x_wconf 81' lang='lat' dir='ltr'><strong>cinis).</strong></span> <span class='ocrx_word' id='word_1_146' title='bbox 998 2148 1103 2191; x_wconf 89' lang='lat' dir='ltr'><strong>caseus</strong></span> <span class='ocrx_word' id='word_1_147' title='bbox 1127 2149 1176 2190; x_wconf 92' lang='lat' dir='ltr'><strong>ca·</strong></span> 
     </span>
     <span class='ocr_line' id='line_1_23' title="bbox 423 2218 1175 2297; baseline 0.004 -21"><span class='ocrx_word' id='word_1_148' title='bbox 423 2219 528 2295; x_wconf 90' lang='lat' dir='ltr'><strong>prinus</strong></span> <span class='ocrx_word' id='word_1_149' title='bbox 552 2218 650 2277; x_wconf 88' lang='lat' dir='ltr'><strong>siccus</strong></span> <span class='ocrx_word' id='word_1_150' title='bbox 673 2235 710 2276; x_wconf 83' lang='lat' dir='ltr'><strong>ex</strong></span> <span class='ocrx_word' id='word_1_151' title='bbox 733 2224 817 2278; x_wconf 88' lang='lat' dir='ltr'><strong>aceto</strong></span> <span class='ocrx_word' id='word_1_152' title='bbox 841 2226 871 2278; x_wconf 91' lang='lat' dir='ltr'><strong>et</strong></span> <span class='ocrx_word' id='word_1_153' title='bbox 888 2218 975 2278; x_wconf 89' lang='lat' dir='ltr'><strong>melle</strong></span> <span class='ocrx_word' id='word_1_154' title='bbox 997 2227 1107 2297; x_wconf 90' lang='lat' dir='ltr'><strong>purgat</strong></span> <span class='ocrx_word' id='word_1_155' title='bbox 1130 2219 1175 2279; x_wconf 92' lang='lat' dir='ltr'><strong>ul-</strong></span> 
     </span>
     <span class='ocr_line' id='line_1_24' title="bbox 322 2305 1247 2387; baseline 0.013 -28"><span class='ocrx_word' id='word_1_156' title='bbox 322 2307 358 2359; x_wconf 80' lang='grc'><strong>66.</strong></span> <span class='ocrx_word' id='word_1_157' title='bbox 424 2323 500 2366; x_wconf 87' lang='lat' dir='ltr'><strong>cera.</strong></span> <span class='ocrx_word' id='word_1_158' title='bbox 529 2321 603 2383; x_wconf 86' lang='lat' dir='ltr'><strong>quae</strong></span> <span class='ocrx_word' id='word_1_159' title='bbox 619 2314 745 2384; x_wconf 90' lang='lat' dir='ltr'><strong>serpunt</strong></span> <span class='ocrx_word' id='word_1_160' title='bbox 764 2305 882 2366; x_wconf 85' lang='lat' dir='ltr'><strong>cohibet</strong></span> <span class='ocrx_word' id='word_1_161' title='bbox 896 2324 998 2367; x_wconf 87' lang='lat' dir='ltr'><strong>sevum</strong></span> <span class='ocrx_word' id='word_1_162' title='bbox 1017 2309 1177 2387; x_wconf 88' lang='lat' dir='ltr'><strong>caprinum</strong></span> <span class='ocrx_word' id='word_1_163' title='bbox 1246 2358 1247 2371; x_wconf 67' lang='grc'>,</span> 
     </span>
    </p>
   </div>
   <div class='ocr_carea' id='block_1_4' title="bbox 323 2382 1248 2489">
    <p class='ocr_par' dir='ltr' id='par_1_4' title="bbox 323 2382 1248 2489">
     <span class='ocr_line' id='line_1_25' title="bbox 323 2382 1248 2489; baseline 0.011 -42"><span class='ocrx_word' id='word_1_164' title='bbox 323 2395 359 2448; x_wconf 81' lang='lat' dir='ltr'><strong>ib.</strong></span> <span class='ocrx_word' id='word_1_165' title='bbox 424 2411 493 2453; x_wconf 92' lang='lat' dir='ltr'><strong>cum</strong></span> <span class='ocrx_word' id='word_1_166' title='bbox 503 2410 579 2452; x_wconf 87' lang='lat' dir='ltr'><strong>cera.</strong></span> <span class='ocrx_word' id='word_1_167' title='bbox 594 2393 673 2453; x_wconf 90' lang='lat' dir='ltr'><strong>idem</strong></span> <span class='ocrx_word' id='word_1_168' title='bbox 682 2393 789 2454; x_wconf 92' lang='lat' dir='ltr'><strong>additis</strong></span> <span class='ocrx_word' id='word_1_169' title='bbox 800 2394 1048 2475; x_wconf 89' lang='lat' dir='ltr'><strong>sulphureetpice</strong></span> <span class='ocrx_word' id='word_1_170' title='bbox 1055 2403 1176 2476; x_wconf 88' lang='lat' dir='ltr'><strong>purgat.</strong></span> <span class='ocrx_word' id='word_1_171' title='bbox 1246 2382 1248 2489; x_wconf 65' lang='lat' dir='ltr'>j</span> 
     </span>
    </p>
   </div>
   <div class='ocr_carea' id='block_1_5' title="bbox 152 2608 1247 3605">
    <p class='ocr_par' dir='ltr' id='par_1_5' title="bbox 228 2608 1176 2686">
     <span class='ocr_line' id='line_1_26' title="bbox 228 2608 1176 2686; baseline 0.005 -19"><span class='ocrx_word' id='word_1_172' title='bbox 228 2620 241 2667; x_wconf 89' lang='lat'>1</span> <span class='ocrx_word' id='word_1_173' title='bbox 262 2614 359 2670; x_wconf 76' lang='lat' dir='ltr'><strong>addito</strong></span> <span class='ocrx_word' id='word_1_174' title='bbox 378 2614 484 2670; x_wconf 89' lang='lat' dir='ltr'><strong>cinere:</strong></span> <span class='ocrx_word' id='word_1_175' title='bbox 508 2614 543 2682; x_wconf 82' lang='lat' dir='ltr'><strong>cs.</strong></span> <span class='ocrx_word' id='word_1_176' title='bbox 564 2615 640 2670; x_wconf 78' lang='lat' dir='ltr'><strong>Pue.</strong></span> <span class='ocrx_word' id='word_1_177' title='bbox 660 2617 678 2671; x_wconf 87' lang='lat' dir='ltr'><strong>l.</strong></span> <span class='ocrx_word' id='word_1_178' title='bbox 697 2632 719 2671; x_wconf 86' lang='lat' dir='ltr'><strong>c.</strong></span> <span class='ocrx_word' id='word_1_179' title='bbox 738 2608 789 2671; x_wconf 74' lang='lat' dir='ltr'><strong>ubl</strong></span> <span class='ocrx_word' id='word_1_180' title='bbox 806 2618 856 2671; x_wconf 85' lang='lat' dir='ltr'><strong>aut</strong></span> <span class='ocrx_word' id='word_1_181' title='bbox 874 2617 965 2671; x_wconf 88' lang='lat' dir='ltr'><strong>cinere</strong></span> <span class='ocrx_word' id='word_1_182' title='bbox 989 2617 1083 2686; x_wconf 69' lang='lat' dir='ltr'><strong>lepreso</strong></span> <span class='ocrx_word' id='word_1_183' title='bbox 1100 2619 1176 2672; x_wconf 75' lang='lat' dir='ltr'><strong>cide·</strong></span> 
     </span>
    </p>

    <p class='ocr_par' dir='ltr' id='par_1_6' title="bbox 152 2686 1247 3324">
     <span class='ocr_line' id='line_1_27' title="bbox 155 2686 1175 2756; baseline 0.005 -19"><span class='ocrx_word' id='word_1_184' title='bbox 155 2689 201 2740; x_wconf 75' lang='lat' dir='ltr'><strong>tur</strong></span> <span class='ocrx_word' id='word_1_185' title='bbox 219 2688 381 2756; x_wconf 79' lang='lat' dir='ltr'><strong>cpitcmutcr</strong></span> <span class='ocrx_word' id='word_1_186' title='bbox 399 2686 487 2754; x_wconf 79' lang='lat' dir='ltr'><strong>(apud</strong></span> <span class='ocrx_word' id='word_1_187' title='bbox 504 2701 582 2754; x_wconf 77' lang='lat' dir='ltr'><strong>quem</strong></span> <span class='ocrx_word' id='word_1_188' title='bbox 599 2687 772 2742; x_wconf 62' lang='lat' dir='ltr'><strong>enitendum</strong></span> <span class='ocrx_word' id='word_1_189' title='bbox 790 2688 840 2741; x_wconf 83' lang='lat' dir='ltr'><strong>aut</strong></span> <span class='ocrx_word' id='word_1_190' title='bbox 856 2686 931 2742; x_wconf 87' lang='lat' dir='ltr'><strong>nitro</strong></span> <span class='ocrx_word' id='word_1_191' title='bbox 949 2689 1032 2755; x_wconf 88' lang='lat' dir='ltr'><strong>tusc).</strong></span> <span class='ocrx_word' id='word_1_192' title='bbox 1055 2690 1060 2755; x_wconf 85' lang='grc' dir='ltr'>Ι</span> <span class='ocrx_word' id='word_1_193' title='bbox 1084 2687 1175 2742; x_wconf 83' lang='lat' dir='ltr'><strong>femo-</strong></span> 
     </span>
     <span class='ocr_line' id='line_1_28' title="bbox 154 2755 1246 2827; baseline 0.003 -17"><span class='ocrx_word' id='word_1_194' title='bbox 154 2757 377 2826; x_wconf 83' lang='lat' dir='ltr'><strong>rum(feminum</strong></span> <span class='ocrx_word' id='word_1_195' title='bbox 393 2757 462 2826; x_wconf 87' lang='lat' dir='ltr'><strong>Pl.):</strong></span> <span class='ocrx_word' id='word_1_196' title='bbox 486 2755 713 2827; x_wconf 79' lang='lat' dir='ltr'><strong>firmorumgdb.</strong></span> <span class='ocrx_word' id='word_1_197' title='bbox 764 2757 975 2827; x_wconf 82' lang='lat' dir='ltr'><strong>biniis(Pl.):</strong></span> <span class='ocrx_word' id='word_1_198' title='bbox 998 2758 1092 2812; x_wconf 83' lang='lat' dir='ltr'><strong>inhis</strong></span> <span class='ocrx_word' id='word_1_199' title='bbox 1110 2759 1174 2827; x_wconf 75' lang='lat' dir='ltr'><strong>pdb</strong></span> <span class='ocrx_word' id='word_1_200' title='bbox 1245 2784 1246 2787; x_wconf 38' lang='lat'>¹</span> 
     </span>
     <span class='ocr_line' id='line_1_29' title="bbox 155 2827 1246 2901; baseline -0.001 -18"><span class='ocrx_word' id='word_1_201' title='bbox 155 2828 199 2895; x_wconf 80' lang='lat' dir='ltr'><strong>(cf.</strong></span> <span class='ocrx_word' id='word_1_202' title='bbox 209 2845 296 2899; x_wconf 77' lang='lat' dir='ltr'><strong>cupra</strong></span> <span class='ocrx_word' id='word_1_203' title='bbox 302 2846 332 2900; x_wconf 87' lang='lat' dir='ltr'><strong>p.</strong></span> <span class='ocrx_word' id='word_1_204' title='bbox 343 2829 441 2897; x_wconf 66' lang='lat' dir='ltr'><strong>ml).</strong></span> <span class='ocrx_word' id='word_1_205' title='bbox 493 2827 667 2882; x_wconf 71' lang='lat' dir='ltr'><strong>eminerem</strong></span> <span class='ocrx_word' id='word_1_206' title='bbox 686 2828 817 2884; x_wconf 85' lang='lat' dir='ltr'><strong>cohercet</strong></span> <span class='ocrx_word' id='word_1_207' title='bbox 834 2829 860 2883; x_wconf 85' lang='lat' dir='ltr'><strong>d.</strong></span> <span class='ocrx_word' id='word_1_208' title='bbox 911 2834 1022 2882; x_wconf 74' lang='lat' dir='ltr'><strong>tcum:</strong></span> <span class='ocrx_word' id='word_1_209' title='bbox 1040 2834 1079 2884; x_wconf 76' lang='lat' dir='ltr'><strong>ei</strong></span> <span class='ocrx_word' id='word_1_210' title='bbox 1098 2831 1175 2897; x_wconf 88' lang='lat' dir='ltr'><strong>(eum</strong></span> <span class='ocrx_word' id='word_1_211' title='bbox 1245 2898 1246 2901; x_wconf 8' lang='grc' dir='ltr'><strong>Ἴ</strong></span> 
     </span>
     <span class='ocr_line' id='line_1_30' title="bbox 155 2897 1175 2969; baseline 0 -16"><span class='ocrx_word' id='word_1_212' title='bbox 155 2899 185 2953; x_wconf 90' lang='lat' dir='ltr'><strong>in</strong></span> <span class='ocrx_word' id='word_1_213' title='bbox 203 2901 252 2969; x_wconf 80' lang='lat' dir='ltr'><strong>sic)</strong></span> <span class='ocrx_word' id='word_1_214' title='bbox 271 2902 297 2956; x_wconf 84' lang='lat' dir='ltr'><strong>d.</strong></span> <span class='ocrx_word' id='word_1_215' title='bbox 370 2898 507 2954; x_wconf 72' lang='lat' dir='ltr'><strong>ccultum</strong></span> <span class='ocrx_word' id='word_1_216' title='bbox 526 2899 551 2953; x_wconf 83' lang='lat' dir='ltr'><strong>d.</strong></span> <span class='ocrx_word' id='word_1_217' title='bbox 578 2900 582 2966; x_wconf 93' lang='grc'><strong>1</strong></span> <span class='ocrx_word' id='word_1_218' title='bbox 609 2897 701 2953; x_wconf 78' lang='lat' dir='ltr'><strong>aufert</strong></span> <span class='ocrx_word' id='word_1_219' title='bbox 720 2899 743 2953; x_wconf 93' lang='lat' dir='ltr'><strong>b.</strong></span> <span class='ocrx_word' id='word_1_220' title='bbox 818 2904 852 2952; x_wconf 92' lang='lat'><strong>10</strong></span> <span class='ocrx_word' id='word_1_221' title='bbox 878 2898 1008 2954; x_wconf 85' lang='lat' dir='ltr'><strong>cohercet</strong></span> <span class='ocrx_word' id='word_1_222' title='bbox 1025 2901 1052 2954; x_wconf 82' lang='lat' dir='ltr'><strong>d.</strong></span> <span class='ocrx_word' id='word_1_223' title='bbox 1078 2901 1083 2967; x_wconf 82' lang='grc' dir='ltr'>Ι</span> <span class='ocrx_word' id='word_1_224' title='bbox 1109 2899 1175 2953; x_wconf 81' lang='lat' dir='ltr'><strong>calx</strong></span> 
     </span>
     <span class='ocr_line' id='line_1_31' title="bbox 154 2968 1247 3042; baseline -0.003 -17"><span class='ocrx_word' id='word_1_225' title='bbox 154 2972 226 3026; x_wconf 69' lang='lat' dir='ltr'><strong>bur:</strong></span> <span class='ocrx_word' id='word_1_226' title='bbox 246 2972 407 3042; x_wconf 76' lang='lat' dir='ltr'><strong>gnllapdb.</strong></span> <span class='ocrx_word' id='word_1_227' title='bbox 459 2975 491 3023; x_wconf 92' lang='lat'><strong>11</strong></span> <span class='ocrx_word' id='word_1_228' title='bbox 511 2969 595 3024; x_wconf 76' lang='lat' dir='ltr'><strong>inlitu</strong></span> <span class='ocrx_word' id='word_1_229' title='bbox 610 2969 655 3024; x_wconf 87' lang='lat' dir='ltr'><strong>Pl.</strong></span> <span class='ocrx_word' id='word_1_230' title='bbox 675 2969 760 3037; x_wconf 84' lang='lat' dir='ltr'><strong>(illitu</strong></span> <span class='ocrx_word' id='word_1_231' title='bbox 773 2973 812 3039; x_wconf 83' lang='lat' dir='ltr'><strong>r):</strong></span> <span class='ocrx_word' id='word_1_232' title='bbox 830 2968 922 3024; x_wconf 80' lang='lat' dir='ltr'><strong>indita</strong></span> <span class='ocrx_word' id='word_1_233' title='bbox 938 2970 1008 3039; x_wconf 80' lang='lat' dir='ltr'><strong>pdb.</strong></span> <span class='ocrx_word' id='word_1_234' title='bbox 1061 2975 1094 3023; x_wconf 86' lang='grc'><strong>12</strong></span> <span class='ocrx_word' id='word_1_235' title='bbox 1110 2986 1176 3039; x_wconf 90' lang='lat' dir='ltr'><strong>per·</strong></span> <span class='ocrx_word' id='word_1_236' title='bbox 1245 2984 1247 3009; x_wconf 78' lang='lat'><em>2</em></span> 
     </span>
     <span class='ocr_line' id='line_1_32' title="bbox 153 3039 1177 3110; baseline -0.002 -14"><span class='ocrx_word' id='word_1_237' title='bbox 153 3041 242 3096; x_wconf 82' lang='lat' dir='ltr'><strong>mixta</strong></span> <span class='ocrx_word' id='word_1_238' title='bbox 259 3058 308 3097; x_wconf 83' lang='lat' dir='ltr'><strong>ern.</strong></span> <span class='ocrx_word' id='word_1_239' title='bbox 328 3044 355 3098; x_wconf 83' lang='lat' dir='ltr'><strong>d.</strong></span> <span class='ocrx_word' id='word_1_240' title='bbox 415 3047 448 3095; x_wconf 87' lang='grc'><strong>13</strong></span> <span class='ocrx_word' id='word_1_241' title='bbox 468 3039 831 3110; x_wconf 82' lang='lat' dir='ltr'><strong>Symfitum-cieetricem</strong></span> <span class='ocrx_word' id='word_1_242' title='bbox 854 3042 905 3110; x_wconf 74' lang='lat' dir='ltr'><strong>gb:</strong></span> <span class='ocrx_word' id='word_1_243' title='bbox 933 3057 983 3095; x_wconf 86' lang='lat' dir='ltr'><strong>om.</strong></span> <span class='ocrx_word' id='word_1_244' title='bbox 1006 3042 1033 3095; x_wconf 83' lang='lat' dir='ltr'><strong>ct.</strong></span> <span class='ocrx_word' id='word_1_245' title='bbox 1090 3044 1125 3094; x_wconf 79' lang='lat'><strong>15</strong></span> <span class='ocrx_word' id='word_1_246' title='bbox 1143 3042 1177 3094; x_wconf 90' lang='lat' dir='ltr'><strong>et</strong></span> 
     </span>
     <span class='ocr_line' id='line_1_33' title="bbox 153 3111 1174 3182; baseline -0.003 -15"><span class='ocrx_word' id='word_1_247' title='bbox 153 3111 276 3167; x_wconf 84' lang='lat' dir='ltr'><strong>mittitur</strong></span> <span class='ocrx_word' id='word_1_248' title='bbox 294 3111 404 3167; x_wconf 86' lang='lat' dir='ltr'><strong>hisdem</strong></span> <span class='ocrx_word' id='word_1_249' title='bbox 421 3128 451 3182; x_wconf 79' lang='lat' dir='ltr'><strong>p=</strong></span> <span class='ocrx_word' id='word_1_250' title='bbox 471 3113 501 3167; x_wconf 89' lang='lat' dir='ltr'><strong>et</strong></span> <span class='ocrx_word' id='word_1_251' title='bbox 518 3111 692 3182; x_wconf 81' lang='lat' dir='ltr'><strong>mitigantur.</strong></span> <span class='ocrx_word' id='word_1_252' title='bbox 721 3111 837 3166; x_wconf 80' lang='lat' dir='ltr'><strong>Eisdem</strong></span> <span class='ocrx_word' id='word_1_253' title='bbox 855 3113 886 3179; x_wconf 87' lang='lat' dir='ltr'><strong>d,</strong></span> <span class='ocrx_word' id='word_1_254' title='bbox 906 3114 935 3167; x_wconf 88' lang='lat' dir='ltr'><strong>et</strong></span> <span class='ocrx_word' id='word_1_255' title='bbox 953 3111 1059 3166; x_wconf 84' lang='lat' dir='ltr'><strong>eisdem</strong></span> <span class='ocrx_word' id='word_1_256' title='bbox 1076 3111 1174 3165; x_wconf 89' lang='lat' dir='ltr'><strong>mede·</strong></span> 
     </span>
     <span class='ocr_line' id='line_1_34' title="bbox 152 3179 1176 3252; baseline -0.003 -15"><span class='ocrx_word' id='word_1_257' title='bbox 152 3185 199 3237; x_wconf 90' lang='lat' dir='ltr'><strong>tur</strong></span> <span class='ocrx_word' id='word_1_258' title='bbox 217 3185 240 3238; x_wconf 91' lang='lat' dir='ltr'><strong>b.</strong></span> <span class='ocrx_word' id='word_1_259' title='bbox 314 3188 348 3236; x_wconf 90' lang='grc'><strong>16</strong></span> <span class='ocrx_word' id='word_1_260' title='bbox 366 3183 429 3252; x_wconf 87' lang='lat' dir='ltr'><strong>pori</strong></span> <span class='ocrx_word' id='word_1_261' title='bbox 447 3184 473 3238; x_wconf 84' lang='lat' dir='ltr'><strong>d.</strong></span> <span class='ocrx_word' id='word_1_262' title='bbox 499 3184 503 3251; x_wconf 91' lang='grc'><strong>1</strong></span> <span class='ocrx_word' id='word_1_263' title='bbox 528 3199 660 3238; x_wconf 83' lang='lat' dir='ltr'><strong>mensure</strong></span> <span class='ocrx_word' id='word_1_264' title='bbox 683 3181 826 3238; x_wconf 80' lang='lat' dir='ltr'><strong>cinometu</strong></span> <span class='ocrx_word' id='word_1_265' title='bbox 844 3184 982 3238; x_wconf 78' lang='lat' dir='ltr'><strong>curentur.</strong></span> <span class='ocrx_word' id='word_1_266' title='bbox 1014 3179 1176 3252; x_wconf 82' lang='lat' dir='ltr'><strong>Ouegulum</strong></span> 
     </span>
     <span class='ocr_line' id='line_1_35' title="bbox 154 3253 1118 3324; baseline -0.001 -17"><span class='ocrx_word' id='word_1_267' title='bbox 154 3253 325 3323; x_wconf 81' lang='lat' dir='ltr'><strong>(Quagnlum</strong></span> <span class='ocrx_word' id='word_1_268' title='bbox 346 3255 388 3322; x_wconf 76' lang='lat' dir='ltr'><strong>p),</strong></span> <span class='ocrx_word' id='word_1_269' title='bbox 413 3259 460 3308; x_wconf 80' lang='lat' dir='ltr'><strong>ete.</strong></span> <span class='ocrx_word' id='word_1_270' title='bbox 482 3255 531 3322; x_wconf 68' lang='grc' dir='ltr'><strong>φά.</strong></span> <span class='ocrx_word' id='word_1_271' title='bbox 606 3259 640 3308; x_wconf 88' lang='grc'><strong>18</strong></span> <span class='ocrx_word' id='word_1_272' title='bbox 664 3253 773 3324; x_wconf 81' lang='lat' dir='ltr'><strong>caperis</strong></span> <span class='ocrx_word' id='word_1_273' title='bbox 796 3254 822 3309; x_wconf 83' lang='lat' dir='ltr'><strong>d.</strong></span> <span class='ocrx_word' id='word_1_274' title='bbox 848 3255 852 3321; x_wconf 93' lang='grc'><strong>1</strong></span> <span class='ocrx_word' id='word_1_275' title='bbox 882 3253 1045 3323; x_wconf 72' lang='lat' dir='ltr'><strong>adspersum</strong></span> <span class='ocrx_word' id='word_1_276' title='bbox 1067 3254 1118 3321; x_wconf 80' lang='lat' dir='ltr'><strong>pd.</strong></span> 
     </span>
    </p>

    <p class='ocr_par' dir='ltr' id='par_1_7' title="bbox 153 3323 1176 3535">
     <span class='ocr_line' id='line_1_36' title="bbox 189 3323 1126 3394; baseline -0.001 -17"><span class='ocrx_word' id='word_1_277' title='bbox 189 3329 223 3378; x_wconf 88' lang='grc'><strong>19</strong></span> <span class='ocrx_word' id='word_1_278' title='bbox 238 3323 414 3393; x_wconf 80' lang='lat' dir='ltr'><strong>cengruginis</strong></span> <span class='ocrx_word' id='word_1_279' title='bbox 427 3324 479 3393; x_wconf 77' lang='lat' dir='ltr'><strong>pb,</strong></span> <span class='ocrx_word' id='word_1_280' title='bbox 497 3323 668 3394; x_wconf 81' lang='lat' dir='ltr'><strong>cangriginis</strong></span> <span class='ocrx_word' id='word_1_281' title='bbox 683 3325 702 3378; x_wconf 85' lang='lat' dir='ltr'><strong>d</strong></span> <span class='ocrx_word' id='word_1_282' title='bbox 720 3326 780 3393; x_wconf 86' lang='lat' dir='ltr'><strong>(om.</strong></span> <span class='ocrx_word' id='word_1_283' title='bbox 795 3326 829 3394; x_wconf 70' lang='lat' dir='ltr'><strong>r)⁴</strong></span> <span class='ocrx_word' id='word_1_284' title='bbox 881 3331 916 3379; x_wconf 89' lang='grc'><strong>26</strong></span> <span class='ocrx_word' id='word_1_285' title='bbox 933 3325 984 3379; x_wconf 81' lang='lat' dir='ltr'><strong>Fel</strong></span> <span class='ocrx_word' id='word_1_286' title='bbox 997 3323 1126 3378; x_wconf 85' lang='lat' dir='ltr'><strong>ursinum</strong></span> 
     </span>
     <span class='ocr_line' id='line_1_37' title="bbox 153 3393 1130 3465; baseline -0.002 -15"><span class='ocrx_word' id='word_1_287' title='bbox 153 3395 282 3451; x_wconf 83' lang='lat' dir='ltr'><strong>medetur</strong></span> <span class='ocrx_word' id='word_1_288' title='bbox 298 3396 361 3463; x_wconf 78' lang='lat' dir='ltr'><strong>pdb</strong></span> <span class='ocrx_word' id='word_1_289' title='bbox 389 3393 550 3464; x_wconf 74' lang='lat' dir='ltr'><strong>(adhibetur</strong></span> <span class='ocrx_word' id='word_1_290' title='bbox 567 3396 600 3463; x_wconf 83' lang='lat' dir='ltr'><strong>r).</strong></span> <span class='ocrx_word' id='word_1_291' title='bbox 627 3396 631 3463; x_wconf 88' lang='grc' dir='ltr'>Ι</span> <span class='ocrx_word' id='word_1_292' title='bbox 660 3395 698 3449; x_wconf 84' lang='lat' dir='ltr'><strong>ie:</strong></span> <span class='ocrx_word' id='word_1_293' title='bbox 727 3395 772 3449; x_wconf 86' lang='lat' dir='ltr'><strong>his</strong></span> <span class='ocrx_word' id='word_1_294' title='bbox 795 3396 866 3465; x_wconf 76' lang='lat' dir='ltr'><strong>pdb.</strong></span> <span class='ocrx_word' id='word_1_295' title='bbox 892 3397 896 3462; x_wconf 84' lang='lat' dir='ltr'><strong>l</strong></span> <span class='ocrx_word' id='word_1_296' title='bbox 921 3411 1006 3464; x_wconf 72' lang='lat' dir='ltr'><strong>quaer</strong></span> <span class='ocrx_word' id='word_1_297' title='bbox 1034 3393 1130 3464; x_wconf 86' lang='lat' dir='ltr'><strong>quid.</strong></span> 
     </span>
     <span class='ocr_line' id='line_1_38' title="bbox 153 3464 1176 3535; baseline -0.002 -16"><span class='ocrx_word' id='word_1_298' title='bbox 153 3473 185 3520; x_wconf 90' lang='grc'><strong>21</strong></span> <span class='ocrx_word' id='word_1_299' title='bbox 202 3465 388 3521; x_wconf 79' lang='lat' dir='ltr'><strong>esini—cinis</strong></span> <span class='ocrx_word' id='word_1_300' title='bbox 404 3465 504 3520; x_wconf 81' lang='lat' dir='ltr'><strong>addidi</strong></span> <span class='ocrx_word' id='word_1_301' title='bbox 517 3481 550 3520; x_wconf 78' lang='lat' dir='ltr'><strong>ec</strong></span> <span class='ocrx_word' id='word_1_302' title='bbox 565 3466 610 3519; x_wconf 90' lang='lat' dir='ltr'><strong>Pl.</strong></span> <span class='ocrx_word' id='word_1_303' title='bbox 629 3467 675 3534; x_wconf 82' lang='lat' dir='ltr'><strong>(cf.</strong></span> <span class='ocrx_word' id='word_1_304' title='bbox 692 3466 730 3519; x_wconf 85' lang='grc' dir='ltr'><em>Μ</em></span> <span class='ocrx_word' id='word_1_305' title='bbox 738 3483 769 3534; x_wconf 81' lang='lat' dir='ltr'><strong>p.</strong></span> <span class='ocrx_word' id='word_1_306' title='bbox 785 3469 909 3535; x_wconf 67' lang='lat' dir='ltr'><strong>imp).</strong></span> <span class='ocrx_word' id='word_1_307' title='bbox 946 3471 980 3520; x_wconf 83' lang='grc'><strong>23</strong></span> <span class='ocrx_word' id='word_1_308' title='bbox 994 3464 1128 3534; x_wconf 83' lang='lat' dir='ltr'><strong>prohihet</strong></span> <span class='ocrx_word' id='word_1_309' title='bbox 1143 3464 1176 3518; x_wconf 84' lang='lat' dir='ltr'><strong>d.</strong></span> 
     </span>
    </p>

    <p class='ocr_par' dir='ltr' id='par_1_8' title="bbox 189 3536 571 3605">
     <span class='ocr_line' id='line_1_39' title="bbox 189 3536 571 3605; baseline -0.003 -13"><span class='ocrx_word' id='word_1_310' title='bbox 189 3543 224 3592; x_wconf 75' lang='lat'><strong>24</strong></span> <span class='ocrx_word' id='word_1_311' title='bbox 243 3553 267 3592; x_wconf 82' lang='lat' dir='ltr'><strong>e.</strong></span> <span class='ocrx_word' id='word_1_312' title='bbox 288 3554 351 3591; x_wconf 88' lang='lat' dir='ltr'><strong>cum</strong></span> <span class='ocrx_word' id='word_1_313' title='bbox 370 3536 502 3605; x_wconf 83' lang='lat' dir='ltr'><strong>sulphure</strong></span> <span class='ocrx_word' id='word_1_314' title='bbox 521 3538 571 3604; x_wconf 76' lang='lat' dir='ltr'><strong>pul.</strong></span> 
     </span>
    </p>
   </div>
   <div class='ocr_carea' id='block_1_6' title="bbox 0 0 1264 3925">
    <p class='ocr_par' dir='ltr' id='par_1_9' title="bbox 0 0 1264 3925">
     <span class='ocr_line' id='line_1_40' title="bbox 0 0 1264 3925; baseline 0 0"><span class='ocrx_word' id='word_1_315' title='bbox 0 0 1264 3925; x_wconf 95' lang='lat' dir='ltr'><strong> </strong></span> 
     </span>
    </p>
   </div>
  </div>
 </body>
</html>
