2517 3925
501 176 721 241 .-23ὴ

168 343 210 398 Χ.
233 342 390 399 Naribus.

167 426 349 505 Plerumque
369 430 467 489 evenit
488 436 522 489 ut
545 447 582 489 ex
600 429 723 491 naribus
746 432 772 490 is
791 449 851 491 mo·
880 443 978 513 (saia,
997 445 1084 517 Lam,

24 571 25 583 ,
102 516 157 577 dus
185 518 338 595 sanguinis
364 517 494 597 prolluat
517 520 569 597 qui
591 521 651 579 nisi
672 522 853 599 reprimatur
924 527 969 595 46)

23 602 24 677 f
101 607 204 666 afferat
231 614 372 687 mortem,
400 625 497 687 neque
528 608 613 669 aliter
641 608 741 669 exiliat
763 628 853 687 quam

100 694 176 756 solet
209 713 225 754 e
254 712 329 755 vena
359 714 501 775 percussa
534 714 701 776 erumpere.
747 716 851 758 occur·

73 783 229 844 arandum
253 791 299 844 est
326 786 426 864 itaque
454 785 640 846 velocissimo
663 786 797 866 periculo
821 795 851 848 et

99 891 208 952 magno
231 874 345 952 impetu
369 881 399 934 et
426 874 524 935 subito
553 877 703 935 saevienti.
740 878 772 936 in
794 876 851 936 hoc
879 890 966 954 2o,44.

99 964 192 1040 igitur
216 980 288 1022 casu
310 980 401 1041 porro
425 966 536 1024 sectivo
559 965 632 1025 trito
655 982 742 1025 nares
766 965 849 1025 obtu-

98 1059 215 1111 rantur.
252 1058 320 1111 ruta
348 1054 418 1113 trita
444 1071 539 1133 aeque
569 1055 706 1133 reprimit
728 1054 851 1114 naribus
879 1068 983 1131 2o,1at.

97 1139 202 1200 indita.
235 1141 341 1201 eodem
359 1143 446 1203 modo
465 1150 496 1203 et
515 1142 613 1203 radice
633 1144 746 1202 urticae
766 1144 850 1203 uten·
879 1157 965 1219 2232.

61 1251 85 1289 ιο
99 1230 174 1290 dum
197 1236 252 1289 est.
295 1226 407 1309 <sucus
431 1232 545 1291 urticae
568 1232 661 1292 fronti
683 1227 851 1310 inlinitur.)
879 1245 965 1308 2236.

98 1318 167 1381 lana
194 1318 298 1378 sucida
326 1315 383 1398 <in
406 1337 493 1380 nares
517 1315 665 1400 coicitur>
694 1339 761 1393 cum
785 1319 850 1381 oleo
879 1334 966 1397 2231.

97 1409 216 1467 rosacio
237 1414 267 1467 et
285 1407 435 1469 auriculae
454 1408 520 1470 lana
534 1408 637 1469 sucida
655 1411 750 1489 spisse
763 1409 850 1482 obtu-

98 1504 220 1577 rantur,
244 1504 275 1557 et
292 1497 333 1557 ita
348 1499 467 1577 sanguis
486 1499 666 1558 continetur.
695 1498 852 1577 coagulum
879 1511 981 1575 30‚112.

98 1586 243 1664 agninum
270 1586 393 1647 mirifice
426 1587 496 1647 lacit
510 1605 560 1647 ex
587 1603 663 1666 aqua
695 1586 851 1648 subactum

61 1682 131 1734 raet
159 1674 302 1735 inlusum.
343 1674 433 1754 adeps
461 1678 619 1736 anserinus
652 1695 721 1736 cum
751 1675 852 1756 butyri
915 1680 951 1735 ib.

100 1765 168 1842 pari
195 1762 332 1843 'pondere
364 1766 511 1843 ingeritur
542 1764 676 1843 pastillis,
725 1772 853 1843 prosunt
914 1769 951 1822 it.

99 1851 219 1913 cocleae
244 1853 389 1913 contritae
413 1861 444 1913 et
466 1854 559 1913 ironti
580 1852 691 1913 inlitae.

169 1939 392 2003 Graveolentiae
430 1944 547 2004 narium
586 1943 629 2003 sic
668 1940 851 2004 subvenitur.

100 2048 194 2092 sucus
212 2030 340 2091 hederae
357 2032 533 2094 infunditur.
562 2031 768 2092 aristolochiae
783 2051 852 2092 cum
880 2043 966 2106 24:16.
987 2042 1092 2107 25,1oo.

173 2185 216 2239 tit.
240 2184 282 2238 Da
299 2183 413 2240 naribus
430 2200 461 2254 9,
483 2184 529 2239 Ad
550 2201 631 2240 naras
657 2186 683 2240 d.
740 2191 754 2238 1
779 2185 824 2240 Ab
846 2186 897 2240 lior
913 2187 979 2240 iada
997 2186 1118 2254 capitulo

102 2255 229 2310 lectiones
248 2256 288 2310 ad.
306 2255 359 2310 120.
378 2257 414 2324 (r)
433 2273 494 2310 cum
511 2256 624 2324 „codice
641 2260 766 2310 sacrifi
793 2258 826 2311 io
843 2258 883 2311 ed.
901 2257 970 2311 Bas.
994 2257 1032 2326 (b)
1056 2272 1119 2312 coa-

101 2327 181 2393 fuaar
208 2327 300 2393 maisi,
327 2328 459 2382 adnotavi
482 2344 515 2382 ea
537 2331 645 2382 tantum
665 2343 735 2396 quaa
755 2328 903 2396 adipsum
930 2332 1034 2384 imum
1056 2343 1120 2383 aaa·

101 2398 272 2452 diluendum
284 2398 412 2466 facerent.
449 2397 620 2468 2sauguinis
639 2399 697 2467 prb
717 2399 762 2467 (cf.
783 2399 874 2455 Marc.
889 2416 920 2468 p.
940 2401 999 2468 83):
1022 2415 1073 2457 om.
1092 2401 1119 2454 d.

138 2467 275 2524 differat
295 2485 327 2538 9:
357 2468 438 2524 affari
460 2470 507 2525 db.
530 2471 534 2537 Ι
562 2468 660 2525 exiliat
681 2470 734 2538 pb:
763 2469 843 2524 exilit
860 2470 886 2526 d.
942 2475 1045 2524 lassu
1066 2472 1119 2540 pb:

102 2538 229 2610 periculo
253 2540 279 2595 d.
304 2541 309 2607 Ι
338 2540 407 2595 trito
424 2542 476 2612 pb:
504 2557 554 2596 oia.
574 2541 600 2594 d.
626 2541 630 2608 l
655 2541 748 2611 (porri
769 2539 870 2596 securi
892 2539 1006 2596 naribus
1034 2557 1120 2612 oppo-

104 2612 210 2665 nuntur
228 2612 269 2666 bi·
284 2635 319 2657 =
333 2613 371 2680 r).
452 2617 470 2667 8
491 2611 523 2666 in
545 2610 660 2665 naribus
678 2612 731 2680 pd,
758 2612 789 2665 in
810 2610 940 2666 manibus
963 2613 988 2666 b.
1020 2627 1055 2666 ax
1071 2612 1122 2666 ltoc

102 2683 162 2737 loco
193 2682 236 2737 ita
263 2683 439 2751 amriqaadua
467 2683 561 2736 Plinii
587 2687 689 2737 tectum
727 2682 766 2736 sio
794 2684 823 2737 at
855 2682 1021 2752 sauguinem
1047 2683 1121 2738 sistit

103 2752 268 2808 interiorem
294 2752 409 2808 naribus
433 2753 524 2808 indita
552 2754 612 2820 (ubi
634 2755 704 2808 mala
726 2770 802 2807 oraro
825 2755 855 2808 at
878 2752 989 2808 narium
1010 2753 1121 2823 indita).

103 2824 140 2890 cf.
160 2829 203 2893 22,
222 2831 265 2878 32.
341 2831 373 2878 10
398 2823 607 2884 sucuauriicaa
630 2829 678 2878 etc.
709 2825 774 2879 hacc
795 2825 921 2893 simplici
947 2840 981 2878 ex
1007 2840 1023 2876 r
1050 2825 1120 2890 (coll.

106 2895 457 2964 usurpantium:
485 2895 612 2966 Itemque
631 2912 730 2950 succus
753 2895 860 2950 urticae
883 2893 970 2948 fronti
991 2892 1120 2964 illinitur,

106 2967 134 3020 et
157 2965 224 3020 lana
247 2966 361 3022 succida
382 2966 412 3021 in
434 2984 515 3023 nares
535 2965 682 3021 coniicitur
701 2984 766 3021 cum
787 2981 902 3021 rosaceo
921 2967 951 3020 ei
978 2965 1121 3021 auriculae

104 3036 170 3091 lana
189 3037 304 3092 succida
318 3038 490 3093 obturentur.
518 3055 585 3093 uam
597 3039 698 3092 mutilo
715 3039 781 3093 llaec
798 3042 823 3091 at
836 3040 967 3105 corrupta
984 3037 1025 3092 sic
1042 3037 1122 3091 habet
1240 3038 1241 3067 ³

104 3109 162 3162 cod.
183 3108 215 3162 cl:
235 3107 337 3164 Samen
350 3109 440 3164 urtice
455 3127 519 3164 cum
537 3110 604 3164 lana
618 3109 732 3164 succida
750 3109 883 3178 (aroniim
897 3109 990 3162 albam
1003 3109 1122 3163 duorum

104 3179 160 3245 fare
177 3181 219 3233 ael
242 3181 328 3236 trium
348 3181 500 3250 varmum)
528 3197 593 3236 oum
615 3181 679 3236 oleo
701 3195 823 3235 rosaceo.
852 3181 882 3234 ei
906 3176 1030 3234 auricula
1057 3179 1123 3233 lana
1169 3195 1171 3199 ·
1238 3212 1239 3221 κ

104 3249 219 3304 succida
238 3268 278 3320 sp.
293 3251 351 3306 obi.
369 3252 457 3322 mapia
475 3253 557 3307 etiam
570 3268 601 3322 p,
620 3253 670 3307 ubi
687 3252 738 3307 sic:
758 3267 853 3306 samen
872 3250 960 3306 urtice
979 3267 1044 3303 cum
1057 3251 1123 3305 lana
1238 3256 1239 3289 l

105 3321 204 3376 sucida
217 3321 324 3392 spissae
339 3322 512 3378 obturantur.
560 3330 592 3378 13
609 3322 768 3392 Quagulum
781 3339 806 3392 p.
855 3327 888 3376 14
902 3321 1121 3389 sabaciumd(r‚
1232 3328 1238 3401 *p

104 3393 168 3446 item
174 3392 369 3462 Mareotim:
386 3394 553 3449 subductum
560 3395 606 3451 Pl.
630 3400 663 3448 15
674 3393 768 3464 butyri
776 3390 1123 3531 ἵϋιῇὒιὲῒίτῖθῶὤὲἐίἕζε
1236 3401 1237 3461 3

789 3481 823 3519 en
848 3481 863 3519 a
889 3505 895 3517 .
991 3505 997 3518 .
1235 3501 1237 3511 ‚

104 3462 182 3518 tellis
191 3465 254 3533 pdb
265 3463 390 3534 (pislillis
398 3463 505 3519 indilur
514 3465 596 3533 ron).
622 3470 654 3519 18
664 3465 775 3520 Gravia

104 3535 169 3591 add.
189 3552 205 3589 r
224 3536 320 3605 (Apul.
340 3539 421 3606 98,5).
452 3536 529 3593 arist.
547 3551 583 3592 sc.
604 3553 695 3590 sucus.
721 3535 882 3608 aristoloaie
900 3550 931 3604 p,
954 3532 1041 3603 -logia
1060 3533 1087 3587 d.

11 3863 195 3885 —flss-L.

1230 3546 1236 3639 l
