2517 3925
535 184 755 248 ,28-

170 423 172 427 ,
289 363 376 425 aaut.
405 350 477 410 bent
498 351 530 409 in
553 354 638 408 testa.
676 345 834 406 harenulae
857 361 932 423 quae
955 345 987 403 in
1010 341 1162 403 cornibus

406 438 574 499 coclearum
587 437 781 496 inveniuntur
795 436 874 494 cauis
888 431 1027 493 dentibus
1040 431 1161 492 inditae

290 540 376 603 30326.
406 528 547 588 continuo
580 526 688 585 finiunt
721 523 862 585 dolonem.
912 522 990 582 idem
1017 527 1163 598 praestat

272 629 377 692 31,101.
406 617 493 677 fimus
513 616 595 675 corvi
613 616 644 675 in
663 613 729 673 lana
748 612 891 691 alligatus.
919 609 1050 671 inuiolati
1065 626 1159 688 prae-

407 712 523 765 stantur
538 704 650 764 dentes
668 704 694 763 si
709 704 775 783 quis
799 701 919 762 cottidie
932 717 1019 760 mane
1034 700 1161 758 ieiunus
1178 704 1195 745 5

407 793 463 855 suh
486 793 586 872 lingua
600 791 707 851 habeat
725 808 850 870 granum
864 789 933 850 salis
951 789 1046 849 donec
1059 787 1160 866 lique·

101 958 104 963 ¹
274 894 379 958 28,178.
407 891 477 944 scat.
520 882 633 943 cervini
660 881 771 949 cornus'
798 881 893 940 farina
919 880 951 938 in
974 876 1081 937 dolore
1108 876 1161 936 vel
1243 875 1245 882 '

212 1040 215 1043 ,
264 983 378 1048 nume.
407 971 588 1032 conluuntur
611 970 658 1030 vel
684 970 838 1031 fricantur.
874 967 926 1029 tali
953 965 1057 1027 bubuli
1079 967 1161 1025 cinis
1243 975 1245 982 '

307 1064 344 1117 fb.
408 1060 610 1121 dentifricium
641 1065 696 1119 est.
746 1076 813 1119 ossa
843 1076 884 1117 ex
911 1054 1034 1135 ungulis
1067 1072 1161 1115 suum

274 1161 380 1224 tenet.
408 1149 561 1210 combusta
581 1147 709 1208 eundem
727 1166 816 1208 usum
831 1148 994 1225 praestant.
1025 1146 1158 1223 caprino
1175 1152 1207 1191 1⁰

318 1244 334 1278 *
407 1239 483 1299 lacte
506 1238 621 1299 utiliter
645 1237 749 1297 dentes
777 1235 968 1297 conluantur.
1005 1231 1086 1293 ebuli
1109 1250 1159 1292 ra·
1243 1289 1245 1292 ,

408 1327 505 1387 dicem
533 1345 570 1387 ex
599 1336 683 1389 aceto
716 1325 862 1406 decoque,
894 1331 925 1385 et
956 1323 1006 1382 diu
1038 1324 1070 1381 in
1103 1340 1161 1381 ore
1243 1319 1245 1332 '

320 1422 336 1455 *
408 1423 554 1477 tencatur.
583 1414 651 1474 folia
673 1414 710 1474 de
729 1412 808 1475 buxo
828 1422 859 1474 et
877 1410 1063 1474 ramusculos
1077 1412 1162 1471 aneti
1243 1461 1245 1466 .

408 1511 471 1564 tres
489 1506 520 1563 in
540 1503 627 1579 ollam
646 1504 739 1563 mittis
758 1512 789 1564 et
807 1521 875 1563 cum
889 1508 973 1562 aceto
992 1500 1028 1560 ad
1051 1500 1161 1561 tertias

409 1592 564 1671 decoquis:
597 1592 778 1671 tepefactum
795 1594 830 1652 in
854 1609 906 1651 ore
929 1594 1038 1651 teneat}
1176 1596 1207 1636 15
1243 1594 1245 1599 ’

475 1847 587 1903 nm.
614 1845 775 1902 Dentioni
797 1844 993 1920 infantium.

277 1992 381 2056 28,258.
473 1983 586 2044 ‘Ileates
614 1985 685 2061 equi
711 1985 763 2061 qui
792 1985 881 2062 primi
913 1983 1023 2043 oadrmt
1049 1981 1164 2060 alligati
1243 1977 1245 1986 '

409 2069 526 2133 facilem
536 2072 707 2132 dentionem
716 2079 881 2150 praestant:
895 2071 1001 2132 melius
1011 2072 1037 2131 si
1045 2078 1162 2131 terram

277 2169 381 2235 aduae.
410 2180 470 2223 non
484 2168 614 2240 tangant.
642 2159 719 2221 lactc
733 2163 854 2240 caprino
865 2168 916 2222 aut
929 2161 1065 2240 leporino
1076 2178 1160 2220 cere·

276 2260 381 2323 autad.
410 2250 487 2312 hello
501 2252 634 2330 gingivae
646 2250 854 2328 perfricantut.
879 2249 1009 2329 delphini
1024 2248 1162 2309 dentium

411 2341 485 2399 cinis
509 2356 577 2398 cum
601 2337 687 2399 melle
711 2341 836 2418 gingivis
863 2338 1011 2419 inlinitur,
1040 2345 1070 2398 et
1094 2339 1160 2398 eius
1175 2346 1204 2385 ²⁰

310 2427 346 2484 to.
411 2427 499 2487 dente
518 2427 652 2505 gingivae
673 2434 844 2506 tanguntur.
872 2427 1000 2488 eundem
1019 2427 1160 2487 effectum

276 2525 382 2599 eundo.
409 2514 520 2576 habent
538 2515 821 2590 dentescaniculae.
855 2516 1013 2576 cerebrum
1035 2516 1161 2594 pecudis

410 2607 442 2664 in
465 2603 531 2665 cibo
556 2602 651 2664 datur.

214 2851 228 2899 1
249 2844 363 2918 arenulp
377 2845 427 2914 φά.
452 2845 456 2912 Ι
481 2843 511 2898 in
528 2846 603 2900 testa
622 2847 706 2913 (testo
724 2863 749 2903 o.
764 2847 781 2904 l,
796 2845 868 2915 Pl.):
887 2845 917 2899 in
935 2846 1010 2901 testa
1027 2843 1159 2900 candenti

143 2917 235 2971 Marc.
256 2918 332 2984 (haec
348 2917 381 2971 fu
398 2917 440 2985 qd
461 2916 612 2970 trahuntur
630 2918 668 2971 od
681 2919 834 2986 tequemio,
852 2933 914 2972 oum
930 2917 1029 2986 quibus
1043 2916 1159 2983 confesso

141 2987 320 3112 actitat
337 3059 357 3113 .
374 2993 389 3040 2
828 2987 1158 3128 ceruleus

143 3134 175 3181 11
198 3127 509 3198 redicem...deeoque
529 3131 558 3184 et
575 3128 623 3184 diu
641 3147 692 3200 pr:
710 3130 977 3187 radix...decoota
997 3129 1046 3184 diu
1064 3129 1091 3185 d.

928 3213 955 3243 0!

142 3257 176 3306 13
199 3252 373 3308 ramusculus
399 3258 462 3322 aute
484 3255 536 3322 ips.
560 3269 628 3310 corr.
647 3271 674 3323 9.
739 3260 773 3308 14
790 3256 847 3309 tres
865 3271 897 3323 q:
922 3275 964 3309 111.
983 3255 1003 3308 d
1024 3255 1110 3323 (teres
1123 3255 1159 3323 r).

144 3323 146 3394 l
164 3323 194 3377 in
213 3323 300 3378 ollem
318 3321 409 3378 mittis
423 3341 452 3393 q:
472 3324 502 3378 in
520 3325 578 3386 olla
593 3325 693 3380 mittes
707 3326 752 3382 d.-
791 3331 824 3379 15
844 3325 983 3394 decoques
1002 3325 1061 3394 (sic)
1074 3326 1124 3395 pal.

141 3394 183 3450 tit.
217 3392 349 3478 Denfioni
373 3394 526 3452 infantium
553 3412 583 3466 με
611 3396 657 3450 Ad
684 3395 846 3451 demtionem
865 3395 1024 3452 infantium
1052 3397 1078 3452 d.

142 3470 175 3518 ll
194 3465 295 3520 melius
313 3482 362 3535 ur:
381 3466 482 3521 Melius
501 3468 545 3521 est
563 3468 588 3522 d.
650 3472 685 3521 18
703 3466 826 3522 cerbello
839 3483 864 3537 9.
924 3473 959 3522 22
973 3465 1160 3522 dsoeniculee

142 3534 249 3591 habent
266 3537 292 3591 d.
318 3541 322 3606 Ι
348 3538 535 3594 cerebrum-
546 3537 630 3592 datur
646 3555 696 3608 qr:
715 3554 766 3596 om.
785 3540 812 3594 d.
