2517 3925
504 224 725 288 „57-

104 388 182 449 aeeti
205 387 335 448 sextario
363 388 567 466 imponuntur.
604 386 692 448 haedi
718 386 779 449 lien
802 388 856 447 im·

103 477 222 556 positus
245 475 326 536 idem
343 482 483 555 praestat.
518 476 635 537 radices
661 475 756 537 violae
778 476 857 537 iotae
886 486 990 550 28301.

103 584 141 625 ex
168 572 254 625 aceto
282 563 458 626 inlinuntru.
495 566 604 645 agarici
631 564 712 626 oholi
738 564 798 626 duo
826 565 858 625 iu
886 576 990 638 a1,1sl.

95 660 189 715 -aceio
212 652 311 715 mulso
334 654 398 733 poti
419 671 474 732 per
501 654 565 716 dies
589 668 653 715 xxl
675 661 859 715 consumunt
887 665 973 727 eoas.

79 742 224 803 alienum.

173 919 187 967 1
204 908 277 969 acet¹
295 914 321 969 d.
348 914 353 982 t
377 912 558 983 imponantur
575 914 605 983 b,
629 914 712 982 7nunt
734 914 761 969 d.
787 915 792 981 Ι
821 913 917 969 Hahdr
932 914 937 980 Ι
953 910 1028 967 enim
1050 912 1125 983 posi-

102 987 150 1040 tus
170 985 231 1054 (sic)
251 984 279 1039 d.
320 990 336 1039 3
355 983 513 1039 inlinuntur
527 984 641 1054 (Pliny
660 984 845 1054 imponuntur
857 1001 888 1054 9,
906 983 1123 1040 illiniunturdh.

138 1062 158 1109 4
175 1072 228 1125 per
245 1055 366 1110 diesxxr
380 1055 493 1127 (viginti
507 1058 533 1126 h)
551 1057 605 1125 od:
624 1072 674 1110 oon.
691 1055 737 1110 Pl.
781 1055 853 1109 aab
875 1056 925 1109 hoc
942 1056 1008 1111 hade
1024 1056 1082 1111 ioco
1099 1057 1129 1110 si

103 1127 225 1182 indicna
238 1127 323 1181 haina
336 1127 403 1181 ztan
415 1143 554 1195 compares
566 1128 737 1181 intercidisse
753 1127 842 1180 mutto
858 1126 989 1181 videntne·
1000 1127 1033 1181 in
1046 1127 1124 1181 codd.

103 1198 182 1269 odd,
200 1202 227 1252 et
240 1202 273 1251 nt
285 1198 394 1253 vidaon
407 1215 436 1265 r,
453 1200 485 1253 td
498 1204 537 1253 est
549 1200 581 1253 in
595 1198 718 1252 codicum
731 1202 887 1252 nostrornm
900 1198 1022 1252 omnium
1034 1198 1126 1252 arcte

103 1275 178 1339 typo.
198 1269 290 1337 ipsius
299 1273 389 1323 antea
397 1270 500 1324 indicis
508 1271 541 1323 in
549 1271 568 1325 d
577 1270 644 1324 ordo
653 1269 781 1323 turbatus
790 1272 828 1323 est
841 1268 887 1338 (ef.
897 1268 935 1337 9),
948 1272 1126 1338 mosenum

103 1345 194 1395 totum
211 1344 303 1395 tentus
316 1341 469 1409 oopitnlnm
482 1341 623 1395 intercidit
641 1340 674 1395 de
688 1341 840 1394 inmboanm
854 1339 946 1414 dolore
959 1340 1051 1409 (xlm)
1065 1356 1127 1393 cnm

101 1410 283 1481 praefatione
301 1411 365 1479 (XV)
384 1412 419 1466 de
437 1412 511 1467 sedis
529 1410 607 1469 vitiis
628 1412 661 1466 in
678 1412 844 1468 ammana.
867 1411 902 1477 ef.
921 1420 947 1479 1,
965 1416 1009 1467 aa.

178 1482 279 1536 titntns
298 1483 372 1539 abeat
393 1484 425 1537 in
443 1484 520 1539 codd.
548 1482 703 1538 Defunctos
721 1482 802 1540 obrui
826 1482 937 1551 oportet
953 1482 1005 1551 qb:
1028 1496 1079 1537 orn.
1098 1482 1125 1537 d.

104 1554 243 1607 nimiunn
256 1553 387 1607 exndhs'e
400 1555 513 1609 initian
526 1554 646 1622 capitoli
657 1554 832 1619 manifestum
846 1557 885 1607 est
894 1552 939 1621 (cf.
955 1552 1032 1607 Ptin.
1047 1557 1127 1618 30,64

107 1624 182 1679 Sunt
196 1622 302 1678 occulti
313 1665 318 1678 .
329 1664 336 1677 .
347 1627 378 1693 .)=
396 1641 463 1679 nan
480 1625 521 1680 ate
538 1641 572 1679 eac
588 1625 767 1694 oerhnqnoc
779 1624 949 1692 praecedant
966 1624 1045 1693 opaco
1064 1622 1124 1677 Pti-

105 1697 189 1750 na'nm
207 1696 313 1764 aliqud
329 1700 506 1751 anwvnnnt
522 1697 574 1765 ot:
602 1694 756 1750 Defunctos
779 1694 860 1749 obrui
881 1695 994 1763 oportet
1014 1708 1127 1763 vesper-

106 1765 218 1821 tilionis
245 1766 386 1835 sanguiue.
408 1768 507 1823 venter
534 1768 606 1821 cont
630 1771 719 1835 etoy
746 1764 980 1835 (vespertiliones,
1008 1781 1127 1834 quorum

107 1835 247 1908 sanguina
266 1835 291 1891 si
309 1838 407 1895 vanior
424 1837 512 1893 fuerit
529 1837 676 1893 contaetus
749 1837 784 1904 h).

108 2001 326 2012 ..-...-.--.

178 2125 314 2210 <xm
337 2133 553 2191 Lumborum
575 2125 717 2210 dolori>

175 2255 322 2310 tainorum
337 2255 478 2326 nigrorum
494 2254 552 2310 suci
567 2253 683 2327 cyathus
705 2268 776 2307 uuus
798 2265 859 2306 curu
896 2254 980 2316 27‚68.

108 2337 214 2394 mulsae
236 2338 341 2412 cyathis
364 2336 450 2394 trihus
477 2339 555 2411 potui
576 2337 655 2394 datus
683 2335 790 2392 iumhos
813 2333 861 2389 do·

108 2423 204 2480 lentes
226 2432 310 2479 sanat.
348 2421 437 2479 inulae
453 2421 582 2478 soliorum
603 2423 660 2478 sive
680 2421 781 2478 radicis
801 2418 861 2493 pui·
897 2422 981 2486 2038.

109 2508 183 2564 veris
211 2506 315 2564 denarii
344 2507 399 2563 duo
428 2523 460 2562 ex
487 2508 540 2563 viui
573 2507 672 2582 cyatho
701 2522 756 2562 uuo
785 2503 861 2561 bibiti

69 2603 97 2644 ro
112 2591 267 2648 emendant.
305 2593 459 2665 pastinacae
474 2590 571 2647 radicis
588 2592 646 2647 sive
667 2591 780 2646 seminis
801 2588 860 2645 dei.
897 2592 982 2655 2031.

110 2692 165 2733 1111
185 2677 214 2732 in
237 2693 305 2750 aqua
328 2675 415 2732 mulsa
438 2674 544 2732 decocti
567 2684 596 2732 et
617 2676 695 2749 potui
717 2675 772 2730 dati
793 2673 863 2730 lum·

110 2759 210 2816 horum
234 2767 263 2816 et
284 2763 382 2818 rehum
398 2759 460 2816 vitia
482 2759 635 2817 emendant.
671 2760 747 2833 porri
769 2760 863 2815 sectivi
897 2761 982 2823 todo.

111 2861 195 2901 sucus
218 2845 250 2900 ad
274 2845 388 2919 cyathos
409 2844 479 2900 duos
501 2845 530 2900 in
551 2846 606 2900 viui
627 2844 733 2918 cyathis
755 2842 863 2900 duohus

111 2927 215 2986 bibitus
241 2931 300 2986 siue
327 2945 403 2985 mora
432 2937 518 2985 sanat.
563 2930 689 3004 asparagi
716 2942 809 2983 semea
836 2934 864 2983 ct
899 2927 1001 2991 rohos
1096 3000 1099 3007 Ἰ

70 3028 97 3069 15
113 3014 213 3088 cymini
227 3015 286 3088 pari
307 3013 429 3088 pondere
445 3013 538 3070 tritum
560 3021 589 3068 et
603 3029 636 3068 ex
659 3014 721 3070 vino
736 3011 780 3068 vei
794 3027 864 3085 aqua
968 3039 973 3050 ·

114 3098 199 3156 calida
214 3099 293 3172 potui
315 3094 408 3154 datum
421 3097 555 3153 emendat.
586 3097 640 3170 apii
661 3097 758 3153 radicis
781 3111 864 3152 sucus
900 3098 1021 3161 tosta.-

113 3181 146 3238 ad
168 3182 284 3258 cyathos
312 3181 382 3238 duos
404 3198 437 3237 es
465 3182 518 3238 viui
545 3181 649 3254 cyathis
671 3179 758 3236 trihus
785 3181 865 3253 potui
941 3198 943 3201 ·

114 3265 192 3324 datus
214 3266 337 3340 prodest.
373 3265 487 3323 olusatri
507 3265 581 3321 radix
602 3266 631 3321 in
652 3266 716 3321 viuo
738 3265 865 3340 coquitur
900 3268 1003 3331 eo,117.

162 3423 266 3488 'tha
281 3431 425 3504 nigrorum
438 3448 474 3489 ae.
489 3430 623 3502 strychni.
674 3430 813 3487 aduobus
828 3430 873 3487 ΡΙ.
923 3428 1018 3485 adad.
1027 3447 1057 3482 11.
1071 3443 1095 3480 r.

115 3509 148 3561 10
163 3503 322 3562 inlinuntur
336 3504 382 3559 Pi.
447 3510 481 3560 10
495 3503 603 3558 radicas
615 3545 621 3557 .
633 3545 639 3557 .
650 3543 657 3556 .
667 3517 778 3558 semen.
791 3546 797 3557 .
808 3545 814 3556 .
825 3502 957 3558 decocta.
969 3496 1132 3553 ..daturin

152 3581 184 3631 17
203 3591 250 3630 ex:
269 3577 300 3630 et
314 3575 360 3631 rh.
416 3580 449 3631 18
465 3573 581 3630 oleastri
594 3575 630 3629 rh
649 3575 730 3643 (corr.
749 3590 783 3629 ex
802 3574 860 3641 Pl.)
