2517 3925
542 214 698 299 -prec
744 251 785 259 -

265 379 389 459 pinnum
410 380 541 458 itemque
566 379 751 457 serpentium
774 378 884 459 optime
908 395 1011 439 semen
1033 395 1070 436 ex
1089 395 1174 437 merc

265 469 402 529 sumitur.
439 466 528 529 simili
545 466 634 527 modu
657 473 856 546 temperatum
874 484 1013 526 venerem
1032 464 1176 546 stimulat,

265 558 383 617 urinam
406 558 477 637 ciet,
501 556 580 617 sistit
602 554 713 636 aluum,
739 554 890 635 pulmonis
913 562 943 615 et
965 554 1107 615 iocineris
1129 556 1175 615 in-

265 648 357 707 iurias
380 644 483 725 abigit,
510 642 720 706 abundantiam
742 643 827 705 lactis
851 644 1011 725 puerperis
1033 650 1177 725 praestat,
1254 615 1258 706 l

266 753 303 795 ex
326 748 400 813 aqua
421 734 527 795 tritum
555 735 689 795 nausiam
715 730 812 814 sedat,
840 730 1025 794 stomachum
1048 730 1205 793 dissolu-⁵

265 829 330 884 tum
353 811 522 901 adstriuglt:
545 840 601 883 uec
625 829 671 883 est
693 820 766 883 illud
789 821 957 903 periculum
980 822 1068 883 etiam
1094 823 1121 882 si
1143 824 1177 881 iu

266 908 349 971 lehre
369 918 511 973 sumatur.
547 910 671 971 uulnera
689 910 786 972 dantis
810 912 908 971 canini
932 926 1001 971 cum
1023 909 1110 970 melle
1129 912 1175 970 tn-

265 998 351 1060 litum
373 1007 481 1079 purgat
505 1007 534 1061 et
557 1006 650 1061 sanat

192 1133 238 1188 m.
331 1148 454 1205 xxvx.
486 1149 535 1205 ne
557 1148 746 1205 muudum.

168 1211 256 1273 Μὰ
334 1246 532 1327 Scorpionem
554 1248 664 1309 ictibus
687 1255 717 1309 ct
738 1250 854 1308 morsui
877 1250 959 1310 cauis
982 1264 1084 1308 semen
1108 1249 1176 1309 eius

266 1354 302 1397 ex
325 1338 393 1396 vine
421 1336 522 1398 datum
544 1339 685 1398 occurrit.
718 1339 751 1397 tn
779 1332 887 1398 mulsu'
902 1336 1060 1397 deeceutm
1082 1344 1175 1415 atque
1191 1351 1216 1388 10

264 1432 369 1505 potum
383 1424 605 1487 difficultatibus
620 1428 725 1487 urinae
733 1425 890 1487 medetur:
901 1432 1051 1487 tormenta
1059 1426 1175 1485 renuis

266 1520 297 1574 et
319 1521 433 1574 ceteras
456 1516 668 1576 intestinarum
689 1515 828 1594 querelas
845 1514 952 1576 ecdem
970 1514 1057 1574 mode
1081 1522 1174 1575 mat.

265 1600 348 1663 radix
366 1604 398 1662 in
416 1604 485 1662 rinc
508 1602 629 1665 decocta
645 1602 778 1665 calculos
796 1603 888 1683 pellit.
925 1603 1026 1666 luteris
1043 1610 1075 1664 et
1086 1602 1174 1663 lum

265 1689 373 1751 borum
395 1690 549 1753 deleribus
572 1693 676 1753 eadem
697 1695 819 1773 petione
848 1694 1044 1754 succurritur.
1081 1708 1174 1754 sucus

261 1778 431 1929 plprentppus
444 1783 620 1863 propinatus
639 1790 810 1861 exoptatum
825 1782 953 1842 celerem
971 1799 1026 1861 per
1039 1780 1175 1841 membra
1188 1795 1214 1834 1⁵

284 1870 295 1927 i
318 1886 359 1929 uu
391 1876 411 1930 t.

264 2009 478 2019 --........-.

265 2063 386 2123 vulnera.
421 2065 496 2122 radix
518 2067 576 2123 etus
598 2067 626 2122 iu
642 2067 704 2122 dnn
720 2073 798 2124 cocta
811 2074 889 2123 sanat
910 2065 1074 2140 hydropicos
1097 2071 1173 2138 puta.

265 2155 436 2207 veretrorum
458 2167 555 2208 causae
576 2151 666 2208 radice
687 2153 745 2208 eins
774 2151 802 2207 in
823 2153 886 2207 vino
913 2159 991 2208 cocta
1018 2148 1175 2206 foveantur.

265 2233 330 2290 lolia
357 2237 416 2292 eius
449 2237 512 2294 trita
540 2251 601 2294 cum
629 2235 710 2293 melle
736 2235 834 2294 nanim
861 2236 966 2295 morsui
997 2232 1173 2293 subveniunt.

264 2334 358 2375 semen
376 2321 436 2376 eins
451 2336 483 2376 en
498 2321 563 2379 vinu
586 2321 680 2377 tritum
702 2329 826 2395 putatum
842 2321 979 2378 urinarum
995 2317 1174 2378 difficultates
1190 2325 1219 2365 ²⁰

265 2403 340 2460 iuvat
362 2411 390 2460 et
410 2403 508 2462 lactem
530 2412 670 2478 provocat.

639 2503 800 2511 ———--

165 2549 245 2617 ,(42)
329 2538 484 2620 (llusatrnm
512 2541 613 2599 calidae
641 2549 670 2599 et
696 2551 821 2599 austerae
843 2542 951 2598 virtutis
974 2549 1027 2602 est.
1064 2551 1174 2598 coctum

263 2624 292 2678 iu
321 2623 440 2682 oleribus
468 2626 641 2683 commodum
673 2627 825 2684 stomacho.
874 2626 987 2684 crudum
1021 2634 1177 2683 comestum
1254 2588 1255 2629 t

263 2707 379 2765 multum
401 2709 524 2768 calefacit
545 2713 659 2768 vesicam
682 2709 828 2768 ct'nrlnam
850 2718 949 2768 movet.
987 2708 1091 2768 radices
1114 2709 1175 2767 eius
1254 2730 1256 2803 p

261 2794 290 2850 lu
317 2789 404 2851 mulsa
431 2801 523 2852 cecte'e
550 2793 725 2854 difficultates
758 2797 852 2852 urinae
880 2793 1028 2870 expellunt.
1077 2809 1216 2854 semensa

263 2879 321 2934 eius
344 2881 439 2936 tritum
462 2897 495 2936 ex
517 2881 579 2938 vinc
601 2881 721 2938 calculos
749 2880 852 2955 trangit
874 2889 902 2937 et
928 2879 1048 2954 expellit.
1088 2897 1174 2937 sucus

263 2963 361 3019 radicis
384 2965 442 3020 eius
465 2972 579 3039 potatur
600 2972 695 3023 contra
717 2964 833 3024 lluorem
856 2963 973 3022 multum
995 2964 1114 3022 sudoris.

209 3151 242 3227 .·¹
262 3150 424 3218 serpentum
436 3151 566 3220 pul(rl›).
612 3158 628 3206 3
643 3151 712 3206 Sitit
724 3151 784 3234 (sic)
797 3167 823 3221 9.
839 3152 844 3218 l
859 3149 989 3206 iocineris
1002 3151 1087 3220 pete:
1105 3150 1174 3206 ieci-

155 3215 420 3283 nonsrb,ieeeris
436 3222 909 3292 acccepeeerriitmurieml.
963 3221 1135 3291 Wlffli-

156 3292 242 3370 dep:
271 3291 519 3358 etl‚tnuusiem
541 3295 607 3364 pul:
632 3309 766 3349 nauseam
788 3295 833 3350 rb.
923 3291 1175 3363 emmingitp:

156 3359 288 3428 estnugit
305 3361 344 3414 el.
366 3364 370 3429 Ι
394 3361 425 3415 in
437 3362 532 3425 febres,
544 3365 655 3420 emetur
672 3366 732 3435 (sie)
750 3367 789 3420 vl.
844 3369 862 3419 8
885 3366 914 3419 ei
931 3365 1000 3435 pul:
1022 3366 1107 3433 atque
1125 3365 1174 3420 rb·
1253 3378 1254 3427 t

188 3429 233 3511 tit.
247 3429 294 3512 'De
308 3429 451 3514 holosutro
464 3436 506 3503 pel
515 3437 586 3506 (rb),
599 3433 643 3490 De
655 3435 790 3492 heliseire
803 3454 833 3503 u,
850 3436 892 3490 De
906 3435 1029 3491 oleastro
1043 3435 1136 3560 (edepl
1253 3468 1254 3499 t

156 3503 173 3551 9
186 3502 255 3553 retur
268 3503 295 3555 cl.
312 3503 316 3570 t
333 3517 392 3556 ems
405 3505 648 3589 pvtdrhnlosatri
656 3508 700 3562 rb.
739 3514 771 3562 11
785 3509 937 3564 tormente:
950 3507 1074 3563 tormine
1117 3507 1136 3561 l:

157 3573 189 3623 13
208 3570 292 3638 pellat
308 3589 358 3627 om.
377 3575 738 3649 r.1Laeertis(Lact1s)d.
795 3584 828 3635 15
847 3579 1012 3650 propinetur
1029 3580 1040 3648 (
1060 3579 1089 3648 ⁰)
1108 3594 1134 3648 9.
1204 3593 1208 3600 '
