2517 3925
466 212 710 277 -195—

80 375 214 456 cut'innt‚
237 373 400 461 efficacius,
424 377 449 435 si
471 377 516 439 eis
538 378 652 438 nitrum
674 377 721 437 vel
743 378 798 437 irio
816 380 990 440 -accosaertt
1047 410 1050 413 ⁴

80 471 185 525 motae
213 480 249 523 ex
277 480 353 543 aqua
379 480 451 525 cum
482 463 595 545 hysopo
627 464 699 527 dant
729 466 882 544 potionem
913 484 991 545 quae

79 560 186 633 pectus
205 560 359 632 expurget.
393 554 466 614 item
485 561 586 615 coctae
604 572 675 615 cum
693 555 763 615 vino
778 554 845 615 sedi
862 557 991 618 tumenti

79 648 233 723 praestant
255 639 384 702 salutare
407 642 581 704 lomentum.
614 645 697 723 ipsae
719 660 818 723 panno
840 643 941 705 inlitae
960 651 992 706 et

49 732 226 810 sinpositae
257 730 409 810 paniculas
445 731 595 811 parotidas
629 732 806 793 furunculos
837 741 991 813 rumpunt

79 822 153 880 item
175 836 245 880 oum
271 819 341 879 leno
364 837 470 898 graeco
493 838 530 881 ex
553 838 629 899 aqua
656 821 797 884 decoctae
824 821 991 886 tomentum

80 909 194 970 iaciunt
217 907 297 986 quod
319 911 472 989 extinguat
493 911 564 971 vitia
584 911 755 992 matricum,
778 927 847 971 cum
869 917 937 971 ruta
960 918 992 971 et

80 996 166 1059 melle
191 995 262 1057 dant
284 1014 391 1058 sucum
413 999 465 1077 qui
488 1016 504 1059 a
526 998 700 1077 pleuretiois
729 1006 760 1059 et
786 997 925 1079 pulmone
949 1001 990 1061 vi-

79 1088 160 1148 tiatis
180 1082 340 1147 salubriter
363 1085 527 1147 hatuiatur.
561 1105 633 1149 cum
651 1089 729 1151 aeris
751 1087 825 1148 flore
844 1090 990 1151 contritae

38 1190 65 1228 1⁰
80 1174 298 1237 molestissimis
321 1172 462 1235 tibiarum
480 1175 655 1238 vulneribus
675 1176 869 1257 inponuntur.
901 1178 989 1237 tritae

79 1282 147 1325 cum
177 1262 237 1324 sale
266 1264 457 1343 scorpionum
489 1263 583 1344 plagis
617 1264 784 1327 medentur.
825 1267 990 1326 canceratis

78 1358 191 1431 quanto
221 1354 394 1432 pingniores
421 1353 534 1413 luerint
562 1354 650 1415 tritae
678 1362 709 1416 et
735 1356 880 1434 inpositae
907 1361 990 1416 tanto

142 1598 271 1657 Ficorum
297 1607 393 1656 natura
422 1598 582 1659 calidissima
614 1610 666 1660 est.
714 1600 782 1660 licus
809 1602 909 1660 virides
937 1602 988 1661 tn·
1007 1609 1064 1677 (to)

79 1691 199 1742 metunt
220 1691 249 1741 et
270 1683 407 1741 deducunt
430 1693 458 1741 et
486 1683 658 1742 calefaciunt.
694 1686 853 1744 humectant
881 1688 990 1763 quidem

38 1771 142 1844 asquia
166 1769 262 1845 pingui
283 1778 446 1839 annosum,
468 1768 630 1826 calefaciunt
645 1777 734 1826 autern
749 1779 864 1846 propter
883 1787 990 1829 sucum.

20 1882 24 1891 ·
80 1862 232 1928 egeruntur
241 1854 321 1911 etiam
333 1850 476 1911 dulcedine
490 1854 622 1927 ipsorum.
651 1855 732 1928 primi
744 1871 811 1929 ergo
827 1855 874 1929 qui
889 1855 992 1913 luerint

81 1940 192 2013 pessimi
212 1947 276 1996 sunt
298 1948 412 2014 propter
432 1938 541 1996 nimiam
562 1940 766 2014 austeritatem,
789 1939 991 2016 subsequentes

80 2021 207 2081 meliores
221 2031 294 2080 sunt.
325 2024 389 2081 sicci
404 2023 559 2080 calidissimi
574 2033 656 2097 sunt,
671 2025 718 2081 sed
735 2032 895 2102 egeruntur.
926 2027 990 2084 sicci

78 2109 151 2165 cocti
178 2109 207 2164 in
236 2123 305 2182 aqua
335 2125 396 2165 cum
423 2124 511 2182 ysopo
539 2110 628 2166 omnia
655 2109 817 2184 pulmonum
840 2111 902 2167 vitia
929 2126 990 2167 curn

38 2211 65 2251 eo
79 2194 152 2252 tussi
174 2201 279 2251 curant.
318 2193 450 2250 triticum
472 2191 553 2250 melle
568 2193 752 2255 carbunctdos
773 2194 816 2252 vel
832 2195 923 2252 ulcera
945 2212 992 2252 cu·
1088 2248 1091 2255 ⁴

79 2285 150 2334 rant.
188 2277 295 2336 inlusus
317 2279 346 2336 in
365 2277 453 2335 mulsa
475 2275 577 2351 pedum
597 2277 738 2335 doloribus
753 2295 815 2337 oum
835 2279 991 2360 podagricis
1078 2273 1082 2278 ’

78 2363 207 2438 prodest.

453 2444 614 2456 W

146 2515 196 2567 De
214 2527 290 2566 uva.
1008 2531 1067 2599 (lt)

24 2609 30 2624 ⁶
144 2607 200 2664 Uva
214 2606 299 2664 calida
314 2615 357 2664 est
378 2614 408 2665 et
427 2605 536 2665 humida
551 2618 579 2666 et
601 2610 733 2683 egeritur.
770 2610 884 2666 maxima
898 2617 990 2667 autem

77 2693 139 2750 alba
161 2709 231 2766 quae
252 2692 336 2749 inerit
357 2690 478 2750 calefacit
499 2693 622 2766 sortiter,
646 2693 708 2750 ideo
731 2694 794 2767 quia
808 2693 925 2750 multum
946 2709 989 2750 ca-

150 2929 455 2986 tEifioaoiusantem
483 2927 1100 3001 si...l=(ooopo).lsieispolseiin

75 3005 116 3060 eis
129 3005 185 3072 eb,
204 2999 228 3058 si
242 3003 349 3072 t(cnm)
366 3002 409 3057 eis
427 3002 454 3057 d.
474 3005 479 3072 l
500 3000 550 3056 iris
591 3001 659 3056 old:
677 3000 735 3071 yria
751 3019 780 3068 r,
797 2999 876 3070 hyris
890 3000 919 3055 lt.
967 3004 990 3053 n
1008 3013 1098 3068 ysopo

73 3077 131 3146 pol
149 3075 238 3146 (isopo
255 3077 296 3144 ηε
319 3073 441 3144 hyssopo
461 3072 485 3128 b.
536 3079 552 3127 3
569 3017 644 3127 ἵκω
661 3074 713 3129 rb:
737 3072 816 3128 Idem
832 3087 886 3142 po,
908 3070 1014 3126 necem
1028 3069 1098 3142 'Ml

75 3145 138 3202 sedi
155 3163 206 3216 po:
225 3145 292 3216 petii
310 3145 351 3202 td.
371 3148 378 3212 Ι
401 3143 530 3200 tumendi
549 3144 610 3213 (sio)
627 3160 653 3214 p.
709 3143 852 3213 iprestet
869 3143 911 3199 ld.
967 3140 1098 3196 tlurnn·

75 3217 156 3272 culos
174 3218 265 3288 pold:
289 3217 398 3288 desque
416 3216 460 3272 rb.
482 3215 486 3287 Ι
510 3215 618 3286 rumpit
636 3216 676 3270 ld.
737 3215 901 3284 ditemque
918 3213 963 3269 rit.
985 3215 990 3282 Ι
1013 3211 1098 3270 foeno

74 3307 117 3364 gp.
132 3305 169 3362 p,
187 3289 253 3344 leno
271 3305 312 3359 gr.
331 3289 387 3343 old
405 3287 500 3357 (ioenn
553 3301 602 3342 ooo
615 3287 673 3356 rb).
718 3291 734 3339 'l
754 3285 901 3356 extingunt
914 3301 940 3341 v.
955 3301 991 3339 m.
1006 3285 1097 3354 pald:

73 3381 103 3417 v.
122 3377 161 3418 m.
180 3357 321 3430 extinguit
343 3360 387 3414 rb.
452 3363 468 3412 8
512 3359 562 3413 ant
585 3373 683 3414 sucum
704 3358 795 3427 qnid:
819 3373 920 3414 mcum
942 3354 1098 3426 control

76 3432 130 3503 qui
148 3449 177 3487 a:
199 3450 225 3502 qa
246 3431 333 3501 (quio)
347 3446 371 3486 o.
393 3435 397 3499 Ι
417 3428 527 3486 uitiatis
544 3429 637 3512 pald:
665 3427 743 3484 vitiis
761 3429 806 3483 rb.
855 3433 873 3482 9
890 3425 1098 3494 contsilae(·te)

74 3504 170 3574 polet:
188 3503 274 3558 tritse
292 3501 338 3560 rb.
390 3508 424 3558 10
441 3499 579 3556 molestiis
598 3501 624 3556 d.
642 3497 807 3569 ltybiarnm
824 3500 869 3554 rt.
918 3504 949 3552 11
970 3511 1099 3552 cancero-

75 3575 118 3630 tis
134 3616 140 3628 .
152 3617 158 3629 .
170 3616 176 3628 .
190 3573 370 3630 subveniunt:
385 3574 426 3628 sic
435 3573 552 3641 (mutata
561 3572 791 3642 interpunctione)
806 3571 874 3625 duce
884 3569 981 3624 Plinio
990 3572 1096 3637 totto.

880 3656 936 3712 13*
