<?xml version="1.0" encoding="UTF-8"?>
<!DOCTYPE html PUBLIC "-//W3C//DTD XHTML 1.0 Transitional//EN"
    "http://www.w3.org/TR/xhtml1/DTD/xhtml1-transitional.dtd">
<html xmlns="http://www.w3.org/1999/xhtml" xml:lang="en" lang="en">
 <head>
  <title>
</title>
<meta http-equiv="Content-Type" content="text/html;charset=utf-8" />
  <meta name='ocr-system' content='tesseract 3.04.00' />
  <meta name='ocr-capabilities' content='ocr_page ocr_carea ocr_par ocr_line ocrx_word'/>
</head>
<body>
  <div class='ocr_page' id='page_1' title='image "./pliniisecundiqu00rosegoog_0073.png"; bbox 0 0 2517 3925; ppageno 0'>
   <div class='ocr_carea' id='block_1_1' title="bbox 551 163 852 229">
    <p class='ocr_par' dir='ltr' id='par_1_1' title="bbox 551 163 852 229">
     <span class='ocr_line' id='line_1_1' title="bbox 551 163 852 229; baseline 0 0"><span class='ocrx_word' id='word_1_1' title='bbox 551 163 852 229; x_wconf 70' lang='grc'>-68-’</span> 
     </span>
    </p>
   </div>
   <div class='ocr_carea' id='block_1_2' title="bbox 286 323 1197 1027">
    <p class='ocr_par' dir='ltr' id='par_1_2' title="bbox 286 323 1197 1027">
     <span class='ocr_line' id='line_1_2' title="bbox 418 323 1168 408; baseline -0.015 -16"><span class='ocrx_word' id='word_1_2' title='bbox 418 336 590 408; x_wconf 86' lang='lat' dir='ltr'><strong>nascantur,</strong></span> <span class='ocrx_word' id='word_1_3' title='bbox 619 330 708 388; x_wconf 90' lang='lat' dir='ltr'><strong>ctiam</strong></span> <span class='ocrx_word' id='word_1_4' title='bbox 731 326 854 389; x_wconf 89' lang='lat' dir='ltr'><strong>lomenti</strong></span> <span class='ocrx_word' id='word_1_5' title='bbox 872 323 989 385; x_wconf 86' lang='lat' dir='ltr'><strong>assidua</strong></span> <span class='ocrx_word' id='word_1_6' title='bbox 1012 323 1168 383; x_wconf 76' lang='lat' dir='ltr'><strong>fricatione</strong></span> 
     </span>
     <span class='ocr_line' id='line_1_3' title="bbox 286 411 1169 495; baseline -0.01 -16"><span class='ocrx_word' id='word_1_7' title='bbox 286 430 390 493; x_wconf 71' lang='grc'><strong>22127.</strong></span> <span class='ocrx_word' id='word_1_8' title='bbox 418 416 565 482; x_wconf 89' lang='lat' dir='ltr'><strong>tolluntur</strong></span> <span class='ocrx_word' id='word_1_9' title='bbox 584 436 620 477; x_wconf 78' lang='lat' dir='ltr'><strong>cr</strong></span> <span class='ocrx_word' id='word_1_10' title='bbox 639 415 712 476; x_wconf 88' lang='lat' dir='ltr'><strong>oleo.</strong></span> <span class='ocrx_word' id='word_1_11' title='bbox 750 413 891 495; x_wconf 87' lang='lat' dir='ltr'>pollinem</span> <span class='ocrx_word' id='word_1_12' title='bbox 910 431 945 473; x_wconf 83' lang='lat' dir='ltr'><strong>ex</strong></span> <span class='ocrx_word' id='word_1_13' title='bbox 967 411 1032 471; x_wconf 92' lang='lat' dir='ltr'><strong>oleo</strong></span> <span class='ocrx_word' id='word_1_14' title='bbox 1056 418 1169 489; x_wconf 88' lang='lat' dir='ltr'><strong>tempe·</strong></span> 
     </span>
     <span class='ocr_line' id='line_1_4' title="bbox 305 500 1171 581; baseline -0.013 -13"><span class='ocrx_word' id='word_1_15' title='bbox 305 518 391 581; x_wconf 66' lang='grc'><strong>2423.</strong></span> <span class='ocrx_word' id='word_1_16' title='bbox 419 514 487 581; x_wconf 87' lang='lat' dir='ltr'><strong>rant</strong></span> <span class='ocrx_word' id='word_1_17' title='bbox 506 513 535 566; x_wconf 86' lang='lat' dir='ltr'><strong>et</strong></span> <span class='ocrx_word' id='word_1_18' title='bbox 553 505 698 567; x_wconf 87' lang='lat' dir='ltr'><strong>adiciunt:</strong></span> <span class='ocrx_word' id='word_1_19' title='bbox 726 502 854 564; x_wconf 78' lang='lat' dir='ltr'><strong>extrahit</strong></span> <span class='ocrx_word' id='word_1_20' title='bbox 876 504 964 562; x_wconf 87' lang='lat' dir='ltr'><strong>enim.</strong></span> <span class='ocrx_word' id='word_1_21' title='bbox 1002 501 1083 563; x_wconf 88' lang='lat' dir='ltr'><strong>idem</strong></span> <span class='ocrx_word' id='word_1_22' title='bbox 1101 500 1171 560; x_wconf 84' lang='lat' dir='ltr'><strong>lacit</strong></span> 
     </span>
     <span class='ocr_line' id='line_1_5' title="bbox 305 591 1171 670; baseline -0.009 -14"><span class='ocrx_word' id='word_1_23' title='bbox 305 606 392 670; x_wconf 70' lang='lat' dir='ltr'><strong>napa.</strong></span> <span class='ocrx_word' id='word_1_24' title='bbox 421 603 450 656; x_wconf 87' lang='lat' dir='ltr'><strong>et</strong></span> <span class='ocrx_word' id='word_1_25' title='bbox 465 596 688 656; x_wconf 90' lang='lat' dir='ltr'><strong>ammoniacum.</strong></span> <span class='ocrx_word' id='word_1_26' title='bbox 721 591 818 653; x_wconf 91' lang='lat' dir='ltr'><strong>salicis</strong></span> <span class='ocrx_word' id='word_1_27' title='bbox 832 608 983 651; x_wconf 91' lang='lat' dir='ltr'><strong>ramorum</strong></span> <span class='ocrx_word' id='word_1_28' title='bbox 1003 592 1171 670; x_wconf 90' lang='lat' dir='ltr'><strong>primorum</strong></span> 
     </span>
     <span class='ocr_line' id='line_1_6' title="bbox 421 673 1197 759; baseline -0.01 -15"><span class='ocrx_word' id='word_1_29' title='bbox 421 686 548 744; x_wconf 88' lang='lat' dir='ltr'><strong>cortices</strong></span> <span class='ocrx_word' id='word_1_30' title='bbox 572 689 739 743; x_wconf 84' lang='lat' dir='ltr'><strong>exurnntur</strong></span> <span class='ocrx_word' id='word_1_31' title='bbox 760 673 923 759; x_wconf 80' lang='lat' dir='ltr'><strong>corumque</strong></span> <span class='ocrx_word' id='word_1_32' title='bbox 944 681 1019 739; x_wconf 89' lang='lat' dir='ltr'><strong>cinis</strong></span> <span class='ocrx_word' id='word_1_33' title='bbox 1038 697 1076 738; x_wconf 83' lang='lat' dir='ltr'><strong>ex</strong></span> <span class='ocrx_word' id='word_1_34' title='bbox 1095 685 1197 755; x_wconf 82' lang='lat' dir='ltr'><strong>aqua⁵</strong></span> 
     </span>
     <span class='ocr_line' id='line_1_7' title="bbox 288 765 1172 852; baseline -0.01 -19"><span class='ocrx_word' id='word_1_35' title='bbox 288 782 392 847; x_wconf 67' lang='grc'><strong>28222.</strong></span> <span class='ocrx_word' id='word_1_36' title='bbox 420 774 578 852; x_wconf 91' lang='lat' dir='ltr'><strong>impositus</strong></span> <span class='ocrx_word' id='word_1_37' title='bbox 606 771 692 832; x_wconf 90' lang='lat' dir='ltr'><strong>tollit.</strong></span> <span class='ocrx_word' id='word_1_38' title='bbox 729 776 856 831; x_wconf 91' lang='lat' dir='ltr'><strong>utuntur</strong></span> <span class='ocrx_word' id='word_1_39' title='bbox 879 775 909 828; x_wconf 94' lang='lat' dir='ltr'><strong>et</strong></span> <span class='ocrx_word' id='word_1_40' title='bbox 932 786 1001 828; x_wconf 87' lang='lat' dir='ltr'><strong>sevo</strong></span> <span class='ocrx_word' id='word_1_41' title='bbox 1024 765 1172 829; x_wconf 89' lang='lat' dir='ltr'><strong>bubulino</strong></span> 
     </span>
     <span class='ocr_line' id='line_1_8' title="bbox 306 858 1172 939; baseline -0.009 -17"><span class='ocrx_word' id='word_1_42' title='bbox 306 872 393 935; x_wconf 65' lang='lat' dir='ltr'><strong>auat.</strong></span> <span class='ocrx_word' id='word_1_43' title='bbox 421 880 490 922; x_wconf 92' lang='lat' dir='ltr'><strong>cum</strong></span> <span class='ocrx_word' id='word_1_44' title='bbox 521 862 598 920; x_wconf 89' lang='lat' dir='ltr'><strong>turis</strong></span> <span class='ocrx_word' id='word_1_45' title='bbox 629 859 749 939; x_wconf 83' lang='lat' dir='ltr'>polline.</span> <span class='ocrx_word' id='word_1_46' title='bbox 791 860 877 917; x_wconf 89' lang='lat' dir='ltr'><strong>nrina</strong></span> <span class='ocrx_word' id='word_1_47' title='bbox 904 858 985 918; x_wconf 88' lang='lat' dir='ltr'><strong>canis</strong></span> <span class='ocrx_word' id='word_1_48' title='bbox 1015 875 1084 917; x_wconf 92' lang='lat' dir='ltr'><strong>cum</strong></span> <span class='ocrx_word' id='word_1_49' title='bbox 1118 873 1172 915; x_wconf 90' lang='lat' dir='ltr'><strong>suo</strong></span> 
     </span>
     <span class='ocr_line' id='line_1_9' title="bbox 420 947 680 1027; baseline -0.004 -19"><span class='ocrx_word' id='word_1_50' title='bbox 420 947 485 1010; x_wconf 89' lang='lat' dir='ltr'><strong>luto</strong></span> <span class='ocrx_word' id='word_1_51' title='bbox 508 950 680 1027; x_wconf 85' lang='lat' dir='ltr'><strong>imponitur.</strong></span> 
     </span>
    </p>
   </div>
   <div class='ocr_carea' id='block_1_3' title="bbox 489 1108 958 1182">
    <p class='ocr_par' dir='ltr' id='par_1_3' title="bbox 489 1108 958 1182">
     <span class='ocr_line' id='line_1_10' title="bbox 489 1108 958 1182; baseline -0.017 -10"><span class='ocrx_word' id='word_1_52' title='bbox 489 1108 611 1171; x_wconf 83' lang='lat' dir='ltr'><strong>XXVI.</strong></span> <span class='ocrx_word' id='word_1_53' title='bbox 635 1113 809 1182; x_wconf 78' lang='lat' dir='ltr'><strong>Podagrae</strong></span> <span class='ocrx_word' id='word_1_54' title='bbox 838 1109 958 1167; x_wconf 81' lang='lat' dir='ltr'><strong>dolori.</strong></span> 
     </span>
    </p>
   </div>
   <div class='ocr_carea' id='block_1_4' title="bbox 278 1212 1247 2006">
    <p class='ocr_par' dir='ltr' id='par_1_4' title="bbox 280 1212 1244 1292">
     <span class='ocr_line' id='line_1_11' title="bbox 280 1212 1244 1292; baseline -0.005 -17"><span class='ocrx_word' id='word_1_55' title='bbox 280 1282 283 1284; x_wconf 56' lang='grc'><strong>,</strong></span> <span class='ocrx_word' id='word_1_56' title='bbox 309 1226 395 1289; x_wconf 70' lang='lat' dir='ltr'><strong>arpa.</strong></span> <span class='ocrx_word' id='word_1_57' title='bbox 492 1213 612 1274; x_wconf 86' lang='lat' dir='ltr'><strong>Muscas</strong></span> <span class='ocrx_word' id='word_1_58' title='bbox 631 1215 683 1292; x_wconf 88' lang='lat' dir='ltr'><strong>qui</strong></span> <span class='ocrx_word' id='word_1_59' title='bbox 705 1215 738 1273; x_wconf 94' lang='lat' dir='ltr'><strong>in</strong></span> <span class='ocrx_word' id='word_1_60' title='bbox 752 1230 827 1292; x_wconf 91' lang='lat' dir='ltr'><strong>aqna</strong></span> <span class='ocrx_word' id='word_1_61' title='bbox 850 1212 983 1272; x_wconf 88' lang='lat' dir='ltr'><strong>nascitur</strong></span> <span class='ocrx_word' id='word_1_62' title='bbox 1005 1213 1097 1272; x_wconf 91' lang='lat' dir='ltr'><strong>tritus</strong></span> <span class='ocrx_word' id='word_1_63' title='bbox 1121 1213 1174 1271; x_wconf 92' lang='lat' dir='ltr'><strong>im·</strong></span> <span class='ocrx_word' id='word_1_64' title='bbox 1242 1279 1244 1291; x_wconf 41' lang='grc' dir='ltr'>Ι</span> 
     </span>
    </p>

    <p class='ocr_par' dir='ltr' id='par_1_5' title="bbox 278 1301 1243 1383">
     <span class='ocr_line' id='line_1_12' title="bbox 278 1301 1243 1383; baseline -0.005 -20"><span class='ocrx_word' id='word_1_65' title='bbox 278 1307 396 1381; x_wconf 63' lang='lat' dir='ltr'><strong>(rapat)</strong></span> <span class='ocrx_word' id='word_1_66' title='bbox 424 1304 539 1383; x_wconf 89' lang='lat' dir='ltr'><strong>positus</strong></span> <span class='ocrx_word' id='word_1_67' title='bbox 567 1302 698 1382; x_wconf 89' lang='lat' dir='ltr'><strong>prodest.</strong></span> <span class='ocrx_word' id='word_1_68' title='bbox 735 1302 830 1362; x_wconf 82' lang='lat' dir='ltr'><strong>farina</strong></span> <span class='ocrx_word' id='word_1_69' title='bbox 856 1301 998 1362; x_wconf 89' lang='lat' dir='ltr'><strong>irumenti</strong></span> <span class='ocrx_word' id='word_1_70' title='bbox 1029 1308 1116 1361; x_wconf 87' lang='lat' dir='ltr'><strong>cocta</strong></span> <span class='ocrx_word' id='word_1_71' title='bbox 1139 1308 1215 1359; x_wconf 76' lang='lat' dir='ltr'><strong>e11⁰</strong></span> <span class='ocrx_word' id='word_1_72' title='bbox 1242 1301 1243 1338; x_wconf 72' lang='lat'><em>³</em></span> 
     </span>
    </p>

    <p class='ocr_par' dir='ltr' id='par_1_6' title="bbox 291 1343 1243 1471">
     <span class='ocr_line' id='line_1_13' title="bbox 291 1388 1177 1471; baseline -0.004 -19"><span class='ocrx_word' id='word_1_73' title='bbox 291 1403 396 1465; x_wconf 78' lang='lat'><strong>32,110.</strong></span> <span class='ocrx_word' id='word_1_74' title='bbox 425 1398 509 1452; x_wconf 87' lang='lat' dir='ltr'><strong>aceto</strong></span> <span class='ocrx_word' id='word_1_75' title='bbox 523 1394 701 1471; x_wconf 87' lang='lat' dir='ltr'><strong>imponatur.</strong></span> <span class='ocrx_word' id='word_1_76' title='bbox 729 1389 843 1451; x_wconf 83' lang='lat' dir='ltr'><strong>utiliter</strong></span> <span class='ocrx_word' id='word_1_77' title='bbox 860 1388 945 1449; x_wconf 93' lang='lat' dir='ltr'><strong>dolor</strong></span> <span class='ocrx_word' id='word_1_78' title='bbox 967 1398 1177 1469; x_wconf 79' lang='lat' dir='ltr'><strong>perunguatur</strong></span> 
     </span>
    </p>

    <p class='ocr_par' dir='ltr' id='par_1_7' title="bbox 426 1475 1245 1561">
     <span class='ocr_line' id='line_1_14' title="bbox 426 1475 1245 1561; baseline -0.001 -21"><span class='ocrx_word' id='word_1_79' title='bbox 426 1475 535 1561; x_wconf 83' lang='lat' dir='ltr'><strong>&lt;ole0&gt;</strong></span> <span class='ocrx_word' id='word_1_80' title='bbox 568 1482 599 1540; x_wconf 93' lang='lat' dir='ltr'><strong>in</strong></span> <span class='ocrx_word' id='word_1_81' title='bbox 628 1498 688 1558; x_wconf 85' lang='lat' dir='ltr'><strong>quo</strong></span> <span class='ocrx_word' id='word_1_82' title='bbox 716 1479 838 1540; x_wconf 87' lang='lat' dir='ltr'><strong>decocta</strong></span> <span class='ocrx_word' id='word_1_83' title='bbox 865 1480 926 1539; x_wconf 85' lang='lat' dir='ltr'><strong>sint</strong></span> <span class='ocrx_word' id='word_1_84' title='bbox 957 1496 1099 1540; x_wconf 85' lang='lat' dir='ltr'><strong>ranarum</strong></span> <span class='ocrx_word' id='word_1_85' title='bbox 1131 1482 1176 1539; x_wconf 89' lang='lat' dir='ltr'><strong>in·</strong></span> <span class='ocrx_word' id='word_1_86' title='bbox 1243 1501 1245 1523; x_wconf 77' lang='lat'><strong>¹</strong></span> 
     </span>
    </p>

    <p class='ocr_par' dir='ltr' id='par_1_8' title="bbox 324 1565 1244 1650">
     <span class='ocr_line' id='line_1_15' title="bbox 324 1565 1244 1650; baseline 0.003 -26"><span class='ocrx_word' id='word_1_87' title='bbox 324 1570 361 1624; x_wconf 79' lang='lat' dir='ltr'><strong>ib.</strong></span> <span class='ocrx_word' id='word_1_88' title='bbox 425 1570 542 1629; x_wconf 89' lang='lat' dir='ltr'><strong>testina.</strong></span> <span class='ocrx_word' id='word_1_89' title='bbox 592 1586 682 1632; x_wconf 88' lang='lat' dir='ltr'><strong>ranae</strong></span> <span class='ocrx_word' id='word_1_90' title='bbox 717 1571 840 1632; x_wconf 84' lang='lat' dir='ltr'><strong>rubetae</strong></span> <span class='ocrx_word' id='word_1_91' title='bbox 876 1572 951 1631; x_wconf 91' lang='lat' dir='ltr'><strong>cinis</strong></span> <span class='ocrx_word' id='word_1_92' title='bbox 983 1588 1052 1631; x_wconf 90' lang='lat' dir='ltr'><strong>cum</strong></span> <span class='ocrx_word' id='word_1_93' title='bbox 1089 1568 1177 1649; x_wconf 82' lang='lat' dir='ltr'><strong>adipe</strong></span> <span class='ocrx_word' id='word_1_94' title='bbox 1243 1565 1244 1650; x_wconf 73' lang='lat' dir='ltr'><strong>l</strong></span> 
     </span>
    </p>

    <p class='ocr_par' dir='ltr' id='par_1_9' title="bbox 292 1657 1246 1828">
     <span class='ocr_line' id='line_1_16' title="bbox 292 1657 1246 1737; baseline 0.001 -21"><span class='ocrx_word' id='word_1_95' title='bbox 292 1667 396 1731; x_wconf 68' lang='lat' dir='ltr'><strong>arata.</strong></span> <span class='ocrx_word' id='word_1_96' title='bbox 425 1665 533 1719; x_wconf 88' lang='lat' dir='ltr'><strong>vetere.</strong></span> <span class='ocrx_word' id='word_1_97' title='bbox 561 1657 703 1737; x_wconf 87' lang='lat' dir='ltr'><strong>palustris</strong></span> <span class='ocrx_word' id='word_1_98' title='bbox 726 1660 790 1721; x_wconf 91' lang='lat' dir='ltr'><strong>lens</strong></span> <span class='ocrx_word' id='word_1_99' title='bbox 809 1662 943 1720; x_wconf 88' lang='lat' dir='ltr'><strong>nascitur</strong></span> <span class='ocrx_word' id='word_1_100' title='bbox 965 1662 997 1719; x_wconf 92' lang='lat' dir='ltr'><strong>in</strong></span> <span class='ocrx_word' id='word_1_101' title='bbox 1015 1678 1092 1737; x_wconf 88' lang='lat' dir='ltr'><strong>aqua</strong></span> <span class='ocrx_word' id='word_1_102' title='bbox 1116 1677 1178 1719; x_wconf 92' lang='lat' dir='ltr'><strong>non</strong></span> <span class='ocrx_word' id='word_1_103' title='bbox 1244 1723 1246 1726; x_wconf 59' lang='grc'><strong>,</strong></span> 
     </span>
     <span class='ocr_line' id='line_1_17' title="bbox 424 1746 1215 1828; baseline 0 -21"><span class='ocrx_word' id='word_1_104' title='bbox 424 1746 605 1827; x_wconf 85' lang='lat' dir='ltr'><strong>profluente,</strong></span> <span class='ocrx_word' id='word_1_105' title='bbox 624 1748 846 1827; x_wconf 80' lang='lat' dir='ltr'><strong>refrigeratoria</strong></span> <span class='ocrx_word' id='word_1_106' title='bbox 860 1751 924 1809; x_wconf 87' lang='lat' dir='ltr'><strong>sine</strong></span> <span class='ocrx_word' id='word_1_107' title='bbox 939 1750 1177 1828; x_wconf 89' lang='lat' dir='ltr'><strong>comparatione:</strong></span> <span class='ocrx_word' id='word_1_108' title='bbox 1192 1750 1215 1790; x_wconf 76' lang='lat'><strong>15</strong></span> 
     </span>
    </p>

    <p class='ocr_par' dir='ltr' id='par_1_10' title="bbox 424 1821 1245 1918">
     <span class='ocr_line' id='line_1_18' title="bbox 424 1821 1245 1918; baseline -0.002 -21"><span class='ocrx_word' id='word_1_109' title='bbox 424 1836 498 1898; x_wconf 89' lang='lat' dir='ltr'><strong>haec</strong></span> <span class='ocrx_word' id='word_1_110' title='bbox 516 1838 679 1915; x_wconf 89' lang='lat' dir='ltr'><strong>imponitur</strong></span> <span class='ocrx_word' id='word_1_111' title='bbox 699 1837 747 1897; x_wconf 91' lang='lat' dir='ltr'><strong>vel</strong></span> <span class='ocrx_word' id='word_1_112' title='bbox 764 1855 819 1918; x_wconf 88' lang='lat' dir='ltr'><strong>per</strong></span> <span class='ocrx_word' id='word_1_113' title='bbox 837 1855 869 1896; x_wconf 91' lang='lat' dir='ltr'><strong>se</strong></span> <span class='ocrx_word' id='word_1_114' title='bbox 891 1839 1018 1897; x_wconf 85' lang='lat' dir='ltr'><strong>contrita</strong></span> <span class='ocrx_word' id='word_1_115' title='bbox 1041 1836 1088 1897; x_wconf 90' lang='lat' dir='ltr'><strong>vel</strong></span> <span class='ocrx_word' id='word_1_116' title='bbox 1107 1854 1178 1897; x_wconf 89' lang='lat' dir='ltr'><strong>cnm</strong></span> <span class='ocrx_word' id='word_1_117' title='bbox 1244 1821 1245 1870; x_wconf 46' lang='grc' dir='ltr'><strong>ἶ</strong></span> 
     </span>
    </p>

    <p class='ocr_par' dir='ltr' id='par_1_11' title="bbox 309 1924 1247 2006">
     <span class='ocr_line' id='line_1_19' title="bbox 309 1924 1247 2006; baseline -0.003 -18"><span class='ocrx_word' id='word_1_118' title='bbox 309 1936 396 2000; x_wconf 64' lang='lat' dir='ltr'><strong>aopi.</strong></span> <span class='ocrx_word' id='word_1_119' title='bbox 425 1925 552 2004; x_wconf 87' lang='lat' dir='ltr'><strong>polenta.</strong></span> <span class='ocrx_word' id='word_1_120' title='bbox 590 1925 675 2006; x_wconf 85' lang='lat' dir='ltr'><strong>adipe</strong></span> <span class='ocrx_word' id='word_1_121' title='bbox 694 1927 828 2005; x_wconf 87' lang='lat' dir='ltr'><strong>viperino</strong></span> <span class='ocrx_word' id='word_1_122' title='bbox 847 1924 939 2006; x_wconf 88' lang='lat' dir='ltr'><strong>pedes</strong></span> <span class='ocrx_word' id='word_1_123' title='bbox 956 1933 1178 2005; x_wconf 88' lang='lat' dir='ltr'><strong>perunguntur.</strong></span> <span class='ocrx_word' id='word_1_124' title='bbox 1245 1945 1247 1963; x_wconf 77' lang='lat'><strong>¹</strong></span> 
     </span>
    </p>
   </div>
   <div class='ocr_carea' id='block_1_5' title="bbox 159 1994 1247 2271">
    <p class='ocr_par' dir='ltr' id='par_1_12' title="bbox 159 1994 1247 2271">
     <span class='ocr_line' id='line_1_20' title="bbox 159 1994 1247 2093; baseline 0.003 -17"><span class='ocrx_word' id='word_1_125' title='bbox 159 2025 247 2088; x_wconf 80' lang='lat'><strong>30,⁷8.</strong></span> <span class='ocrx_word' id='word_1_126' title='bbox 273 2017 398 2087; x_wconf 79' lang='lat'>*(20,29</span> <span class='ocrx_word' id='word_1_127' title='bbox 427 2015 569 2093; x_wconf 88' lang='lat' dir='ltr'><strong>sanguine</strong></span> <span class='ocrx_word' id='word_1_128' title='bbox 597 2013 678 2074; x_wconf 90' lang='lat' dir='ltr'><strong>milvi</strong></span> <span class='ocrx_word' id='word_1_129' title='bbox 706 2014 799 2092; x_wconf 90' lang='lat' dir='ltr'><strong>pedes</strong></span> <span class='ocrx_word' id='word_1_130' title='bbox 830 2022 1048 2093; x_wconf 90' lang='lat' dir='ltr'><strong>perunguntur.</strong></span> <span class='ocrx_word' id='word_1_131' title='bbox 1089 2014 1180 2074; x_wconf 81' lang='lat' dir='ltr'><strong>ibisci</strong></span> <span class='ocrx_word' id='word_1_132' title='bbox 1245 1994 1247 2079; x_wconf 58' lang='lat' dir='ltr'><strong>l</strong></span> 
     </span>
     <span class='ocr_line' id='line_1_21' title="bbox 177 2095 1178 2181; baseline -0.001 -18"><span class='ocrx_word' id='word_1_133' title='bbox 177 2097 211 2163; x_wconf 67' lang='lat' dir='ltr'><strong>tf·</strong></span> <span class='ocrx_word' id='word_1_134' title='bbox 225 2095 398 2165; x_wconf 56' lang='lat' dir='ltr'><strong>ceteram).</strong></span> <span class='ocrx_word' id='word_1_135' title='bbox 426 2101 541 2162; x_wconf 86' lang='lat' dir='ltr'><strong>radices</strong></span> <span class='ocrx_word' id='word_1_136' title='bbox 561 2107 664 2163; x_wconf 83' lang='lat' dir='ltr'><strong>coctas</strong></span> <span class='ocrx_word' id='word_1_137' title='bbox 684 2120 752 2162; x_wconf 91' lang='lat' dir='ltr'><strong>cum</strong></span> <span class='ocrx_word' id='word_1_138' title='bbox 771 2105 897 2181; x_wconf 82' lang='lat' dir='ltr'><strong>axungia</strong></span> <span class='ocrx_word' id='word_1_139' title='bbox 917 2105 1025 2163; x_wconf 88' lang='lat' dir='ltr'><strong>misces</strong></span> <span class='ocrx_word' id='word_1_140' title='bbox 1045 2110 1075 2162; x_wconf 89' lang='lat' dir='ltr'><strong>ot</strong></span> <span class='ocrx_word' id='word_1_141' title='bbox 1099 2111 1178 2162; x_wconf 88' lang='lat' dir='ltr'><strong>cata-</strong></span> 
     </span>
     <span class='ocr_line' id='line_1_22' title="bbox 426 2189 1216 2271; baseline -0.001 -20"><span class='ocrx_word' id='word_1_142' title='bbox 426 2192 537 2271; x_wconf 91' lang='lat' dir='ltr'><strong>plasma</strong></span> <span class='ocrx_word' id='word_1_143' title='bbox 573 2189 699 2271; x_wconf 89' lang='lat' dir='ltr'><strong>pedibus</strong></span> <span class='ocrx_word' id='word_1_144' title='bbox 735 2193 830 2270; x_wconf 81' lang='lat' dir='ltr'><strong>ponis</strong></span> <span class='ocrx_word' id='word_1_145' title='bbox 881 2190 992 2251; x_wconf 89' lang='lat' dir='ltr'><strong>malvae</strong></span> <span class='ocrx_word' id='word_1_146' title='bbox 1029 2193 1177 2251; x_wconf 90' lang='lat' dir='ltr'><strong>erraticae</strong></span> <span class='ocrx_word' id='word_1_147' title='bbox 1192 2196 1216 2233; x_wconf 73' lang='lat'><strong>2⁰</strong></span> 
     </span>
    </p>
   </div>
   <div class='ocr_carea' id='block_1_6' title="bbox 132 2377 1185 3574">
    <p class='ocr_par' dir='ltr' id='par_1_13' title="bbox 132 2377 1185 3574">
     <span class='ocr_line' id='line_1_23' title="bbox 233 2377 1180 2448; baseline 0.002 -18"><span class='ocrx_word' id='word_1_148' title='bbox 233 2377 420 2445; x_wconf 78' lang='lat' dir='ltr'><strong>tlnmentip</strong></span> <span class='ocrx_word' id='word_1_149' title='bbox 442 2377 570 2445; x_wconf 81' lang='lat' dir='ltr'><strong>(iumenti</strong></span> <span class='ocrx_word' id='word_1_150' title='bbox 588 2379 649 2448; x_wconf 68' lang='lat' dir='ltr'><strong>tm).</strong></span> <span class='ocrx_word' id='word_1_151' title='bbox 722 2384 738 2433; x_wconf 88' lang='grc'><strong>2</strong></span> <span class='ocrx_word' id='word_1_152' title='bbox 757 2378 896 2434; x_wconf 83' lang='lat' dir='ltr'><strong>tolluntur</strong></span> <span class='ocrx_word' id='word_1_153' title='bbox 919 2393 952 2432; x_wconf 88' lang='lat' dir='ltr'><strong>ex</strong></span> <span class='ocrx_word' id='word_1_154' title='bbox 975 2377 1046 2433; x_wconf 90' lang='lat' dir='ltr'><strong>oleo.</strong></span> <span class='ocrx_word' id='word_1_155' title='bbox 1078 2377 1180 2432; x_wconf 80' lang='lat' dir='ltr'><strong>Fimus</strong></span> 
     </span>
     <span class='ocr_line' id='line_1_24' title="bbox 161 2447 1181 2519; baseline 0.001 -17"><span class='ocrx_word' id='word_1_156' title='bbox 161 2447 522 2503; x_wconf 81' lang='lat' dir='ltr'><strong>columbinus-subactus</strong></span> <span class='ocrx_word' id='word_1_157' title='bbox 549 2447 704 2518; x_wconf 78' lang='lat' dir='ltr'><strong>imponitur</strong></span> <span class='ocrx_word' id='word_1_158' title='bbox 725 2450 767 2519; x_wconf 74' lang='lat' dir='ltr'><strong>qd</strong></span> <span class='ocrx_word' id='word_1_159' title='bbox 794 2449 853 2518; x_wconf 73' lang='lat' dir='ltr'><strong>(qui</strong></span> <span class='ocrx_word' id='word_1_160' title='bbox 879 2449 970 2504; x_wconf 81' lang='lat' dir='ltr'><strong>eadem</strong></span> <span class='ocrx_word' id='word_1_161' title='bbox 996 2465 1067 2517; x_wconf 78' lang='lat' dir='ltr'><strong>quae</strong></span> <span class='ocrx_word' id='word_1_162' title='bbox 1088 2465 1181 2517; x_wconf 69' lang='lat' dir='ltr'><strong>arcpra</strong></span> 
     </span>
     <span class='ocr_line' id='line_1_25' title="bbox 156 2519 1182 2589; baseline -0.001 -15"><span class='ocrx_word' id='word_1_163' title='bbox 156 2524 236 2588; x_wconf 72' lang='lat' dir='ltr'><strong>pti,</strong></span> <span class='ocrx_word' id='word_1_164' title='bbox 244 2523 348 2572; x_wconf 83' lang='lat'>14-15</span> <span class='ocrx_word' id='word_1_165' title='bbox 361 2519 462 2573; x_wconf 77' lang='lat' dir='ltr'><strong>iterum</strong></span> <span class='ocrx_word' id='word_1_166' title='bbox 474 2519 519 2572; x_wconf 79' lang='lat' dir='ltr'><strong>hir</strong></span> <span class='ocrx_word' id='word_1_167' title='bbox 531 2522 675 2588; x_wconf 77' lang='lat' dir='ltr'><strong>repetunt).</strong></span> <span class='ocrx_word' id='word_1_168' title='bbox 703 2521 787 2574; x_wconf 78' lang='lat' dir='ltr'><strong>codex</strong></span> <span class='ocrx_word' id='word_1_169' title='bbox 798 2519 930 2589; x_wconf 79' lang='lat' dir='ltr'><strong>9(nand)</strong></span> <span class='ocrx_word' id='word_1_170' title='bbox 944 2520 1024 2574; x_wconf 74' lang='lat' dir='ltr'><strong>adan</strong></span> <span class='ocrx_word' id='word_1_171' title='bbox 1034 2524 1182 2588; x_wconf 78' lang='lat' dir='ltr'><strong>praeterea</strong></span> 
     </span>
     <span class='ocr_line' id='line_1_26' title="bbox 161 2588 1181 2660; baseline 0 -15"><span class='ocrx_word' id='word_1_172' title='bbox 161 2605 231 2660; x_wconf 75' lang='lat' dir='ltr'><strong>quac</strong></span> <span class='ocrx_word' id='word_1_173' title='bbox 248 2593 274 2646; x_wconf 83' lang='lat' dir='ltr'><strong>et</strong></span> <span class='ocrx_word' id='word_1_174' title='bbox 290 2603 377 2659; x_wconf 80' lang='lat' dir='ltr'><strong>supra</strong></span> <span class='ocrx_word' id='word_1_175' title='bbox 395 2589 538 2644; x_wconf 78' lang='lat' dir='ltr'><strong>adduntur</strong></span> <span class='ocrx_word' id='word_1_176' title='bbox 560 2590 642 2644; x_wconf 81' lang='lat' dir='ltr'><strong>fimus</strong></span> <span class='ocrx_word' id='word_1_177' title='bbox 661 2588 723 2660; x_wconf 83' lang='lat' dir='ltr'><strong>apri</strong></span> <span class='ocrx_word' id='word_1_178' title='bbox 740 2590 787 2646; x_wconf 86' lang='lat' dir='ltr'><strong>vel</strong></span> <span class='ocrx_word' id='word_1_179' title='bbox 810 2589 1026 2659; x_wconf 78' lang='lat' dir='ltr'><strong>nnis-prodest</strong></span> <span class='ocrx_word' id='word_1_180' title='bbox 1053 2589 1108 2657; x_wconf 81' lang='lat' dir='ltr'><strong>(tic</strong></span> <span class='ocrx_word' id='word_1_181' title='bbox 1126 2605 1181 2645; x_wconf 73' lang='lat' dir='ltr'><strong>ona.</strong></span> 
     </span>
     <span class='ocr_line' id='line_1_27' title="bbox 161 2659 1183 2730; baseline -0.002 -14"><span class='ocrx_word' id='word_1_182' title='bbox 161 2662 276 2729; x_wconf 83' lang='lat' dir='ltr'><strong>recens).</strong></span> <span class='ocrx_word' id='word_1_183' title='bbox 302 2664 306 2729; x_wconf 81' lang='grc' dir='ltr'>Ι</span> <span class='ocrx_word' id='word_1_184' title='bbox 334 2659 470 2729; x_wconf 88' lang='lat' dir='ltr'><strong>pollinem</strong></span> <span class='ocrx_word' id='word_1_185' title='bbox 496 2661 548 2729; x_wconf 71' lang='lat' dir='ltr'><strong>phe</strong></span> <span class='ocrx_word' id='word_1_186' title='bbox 579 2661 701 2730; x_wconf 79' lang='lat' dir='ltr'><strong>pollines</strong></span> <span class='ocrx_word' id='word_1_187' title='bbox 723 2662 749 2717; x_wconf 83' lang='lat' dir='ltr'><strong>d.</strong></span> <span class='ocrx_word' id='word_1_188' title='bbox 831 2666 847 2714; x_wconf 88' lang='lat'><strong>3</strong></span> <span class='ocrx_word' id='word_1_189' title='bbox 875 2659 999 2715; x_wconf 76' lang='lat' dir='ltr'><strong>extrahit</strong></span> <span class='ocrx_word' id='word_1_190' title='bbox 1024 2676 1060 2716; x_wconf 81' lang='lat' dir='ltr'><strong>cc.</strong></span> <span class='ocrx_word' id='word_1_191' title='bbox 1084 2659 1183 2714; x_wconf 84' lang='lat' dir='ltr'><strong>clavos</strong></span> 
     </span>
     <span class='ocr_line' id='line_1_28' title="bbox 162 2731 1181 2815; baseline 0 -30"><span class='ocrx_word' id='word_1_192' title='bbox 162 2731 207 2801; x_wconf 80' lang='lat' dir='ltr'><strong>(cf.</strong></span> <span class='ocrx_word' id='word_1_193' title='bbox 226 2733 289 2815; x_wconf 71' lang='lat' dir='ltr'><strong>rep.)</strong></span> <span class='ocrx_word' id='word_1_194' title='bbox 339 2731 405 2786; x_wconf 79' lang='lat' dir='ltr'><strong>tet</strong></span> <span class='ocrx_word' id='word_1_195' title='bbox 421 2731 474 2801; x_wconf 77' lang='lat' dir='ltr'><strong>pb:</strong></span> <span class='ocrx_word' id='word_1_196' title='bbox 493 2731 530 2786; x_wconf 79' lang='lat' dir='ltr'><strong>ad</strong></span> <span class='ocrx_word' id='word_1_197' title='bbox 548 2732 574 2787; x_wconf 83' lang='lat' dir='ltr'><strong>d.</strong></span> <span class='ocrx_word' id='word_1_198' title='bbox 600 2734 604 2801; x_wconf 89' lang='grc' dir='ltr'>Ι</span> <span class='ocrx_word' id='word_1_199' title='bbox 629 2731 795 2801; x_wconf 82' lang='lat' dir='ltr'><strong>primorum:</strong></span> <span class='ocrx_word' id='word_1_200' title='bbox 814 2747 967 2801; x_wconf 88' lang='lat' dir='ltr'><strong>prunorum</strong></span> <span class='ocrx_word' id='word_1_201' title='bbox 985 2732 1009 2785; x_wconf 83' lang='lat' dir='ltr'><strong>t.</strong></span> <span class='ocrx_word' id='word_1_202' title='bbox 1056 2738 1181 2786; x_wconf 72' lang='lat' dir='ltr'><strong>asuero</strong></span> 
     </span>
     <span class='ocr_line' id='line_1_29' title="bbox 161 2800 1183 2871; baseline -0.003 -15"><span class='ocrx_word' id='word_1_203' title='bbox 161 2801 299 2858; x_wconf 87' lang='lat' dir='ltr'><strong>bubnlmo</strong></span> <span class='ocrx_word' id='word_1_204' title='bbox 317 2818 347 2871; x_wconf 76' lang='lat' dir='ltr'><strong>p:</strong></span> <span class='ocrx_word' id='word_1_205' title='bbox 367 2818 432 2858; x_wconf 83' lang='lat' dir='ltr'><strong>sevo</strong></span> <span class='ocrx_word' id='word_1_206' title='bbox 451 2800 556 2857; x_wconf 88' lang='lat' dir='ltr'><strong>bubulo</strong></span> <span class='ocrx_word' id='word_1_207' title='bbox 576 2803 604 2870; x_wconf 82' lang='lat' dir='ltr'><strong>b,</strong></span> <span class='ocrx_word' id='word_1_208' title='bbox 622 2801 722 2856; x_wconf 89' lang='lat' dir='ltr'><strong>bubuli</strong></span> <span class='ocrx_word' id='word_1_209' title='bbox 740 2818 805 2857; x_wconf 83' lang='lat' dir='ltr'><strong>sevo</strong></span> <span class='ocrx_word' id='word_1_210' title='bbox 822 2802 850 2857; x_wconf 85' lang='lat' dir='ltr'><strong>d.</strong></span> <span class='ocrx_word' id='word_1_211' title='bbox 905 2807 920 2855; x_wconf 78' lang='lat'><strong>‘1</strong></span> <span class='ocrx_word' id='word_1_212' title='bbox 940 2801 1030 2856; x_wconf 69' lang='lat' dir='ltr'><strong>caniet</strong></span> <span class='ocrx_word' id='word_1_213' title='bbox 1049 2801 1084 2868; x_wconf 79' lang='lat' dir='ltr'><strong>cf.</strong></span> <span class='ocrx_word' id='word_1_214' title='bbox 1105 2800 1183 2855; x_wconf 80' lang='lat' dir='ltr'><strong>asini</strong></span> 
     </span>
     <span class='ocr_line' id='line_1_30' title="bbox 164 2871 1183 2942; baseline -0.003 -15"><span class='ocrx_word' id='word_1_215' title='bbox 164 2872 210 2929; x_wconf 89' lang='lat' dir='ltr'><strong>Pl.</strong></span> <span class='ocrx_word' id='word_1_216' title='bbox 229 2879 326 2942; x_wconf 80' lang='lat'>28,222</span> <span class='ocrx_word' id='word_1_217' title='bbox 346 2872 450 2940; x_wconf 85' lang='lat' dir='ltr'><strong>(Marc.</strong></span> <span class='ocrx_word' id='word_1_218' title='bbox 465 2889 496 2940; x_wconf 83' lang='lat' dir='ltr'><strong>p.</strong></span> <span class='ocrx_word' id='word_1_219' title='bbox 511 2873 581 2942; x_wconf 82' lang='grc'><strong>233).</strong></span> <span class='ocrx_word' id='word_1_220' title='bbox 599 2875 603 2941; x_wconf 73' lang='lat' dir='ltr'><strong>i</strong></span> <span class='ocrx_word' id='word_1_221' title='bbox 619 2890 669 2928; x_wconf 82' lang='lat' dir='ltr'><strong>suo</strong></span> <span class='ocrx_word' id='word_1_222' title='bbox 685 2873 744 2926; x_wconf 74' lang='lat' dir='ltr'><strong>Pa:</strong></span> <span class='ocrx_word' id='word_1_223' title='bbox 763 2872 823 2928; x_wconf 86' lang='lat' dir='ltr'><strong>solo</strong></span> <span class='ocrx_word' id='word_1_224' title='bbox 840 2873 911 2942; x_wconf 77' lang='lat' dir='ltr'><strong>pdb.</strong></span> <span class='ocrx_word' id='word_1_225' title='bbox 955 2872 997 2926; x_wconf 79' lang='lat' dir='ltr'><strong>tir.</strong></span> <span class='ocrx_word' id='word_1_226' title='bbox 1011 2891 1111 2926; x_wconf 76' lang='lat' dir='ltr'><strong>uram</strong></span> <span class='ocrx_word' id='word_1_227' title='bbox 1125 2871 1183 2924; x_wconf 90' lang='lat' dir='ltr'><strong>Po-</strong></span> 
     </span>
     <span class='ocr_line' id='line_1_31' title="bbox 163 2940 1183 3013; baseline -0.001 -16"><span class='ocrx_word' id='word_1_228' title='bbox 163 2942 182 2997; x_wconf 92' lang='lat' dir='ltr'><strong>d</strong></span> <span class='ocrx_word' id='word_1_229' title='bbox 286 2943 377 3000; x_wconf 88' lang='lat' dir='ltr'><strong>dolori</strong></span> <span class='ocrx_word' id='word_1_230' title='bbox 394 2960 424 3013; x_wconf 77' lang='lat' dir='ltr'><strong>p,</strong></span> <span class='ocrx_word' id='word_1_231' title='bbox 442 2942 488 2997; x_wconf 86' lang='lat' dir='ltr'><strong>Ad</strong></span> <span class='ocrx_word' id='word_1_232' title='bbox 505 2943 689 3013; x_wconf 79' lang='lat' dir='ltr'><strong>podagricum</strong></span> <span class='ocrx_word' id='word_1_233' title='bbox 707 2942 834 2998; x_wconf 87' lang='lat' dir='ltr'><strong>dolorem</strong></span> <span class='ocrx_word' id='word_1_234' title='bbox 852 2942 879 2996; x_wconf 84' lang='lat' dir='ltr'><strong>d.</strong></span> <span class='ocrx_word' id='word_1_235' title='bbox 921 2948 955 2996; x_wconf 92' lang='lat'><strong>10</strong></span> <span class='ocrx_word' id='word_1_236' title='bbox 973 2940 1120 2996; x_wconf 80' lang='lat' dir='ltr'><strong>immenti:</strong></span> <span class='ocrx_word' id='word_1_237' title='bbox 1139 2944 1183 2996; x_wconf 81' lang='lat' dir='ltr'><strong>cic</strong></span> 
     </span>
     <span class='ocr_line' id='line_1_32' title="bbox 163 3011 1182 3085; baseline -0.002 -17"><span class='ocrx_word' id='word_1_238' title='bbox 163 3018 189 3068; x_wconf 80' lang='lat' dir='ltr'><strong>et</strong></span> <span class='ocrx_word' id='word_1_239' title='bbox 239 3030 295 3069; x_wconf 81' lang='lat' dir='ltr'><strong>are.</strong></span> <span class='ocrx_word' id='word_1_240' title='bbox 305 3030 337 3085; x_wconf 83' lang='lat' dir='ltr'><strong>p.</strong></span> <span class='ocrx_word' id='word_1_241' title='bbox 347 3019 407 3070; x_wconf 77' lang='lat'><strong>250.</strong></span> <span class='ocrx_word' id='word_1_242' title='bbox 450 3019 481 3068; x_wconf 81' lang='lat'><strong>11</strong></span> <span class='ocrx_word' id='word_1_243' title='bbox 501 3011 663 3083; x_wconf 83' lang='lat' dir='ltr'><strong>imponatur</strong></span> <span class='ocrx_word' id='word_1_244' title='bbox 675 3030 705 3083; x_wconf 80' lang='lat' dir='ltr'><strong>p:</strong></span> <span class='ocrx_word' id='word_1_245' title='bbox 721 3012 864 3068; x_wconf 76' lang='lat' dir='ltr'><strong>nitardo.</strong></span> <span class='ocrx_word' id='word_1_246' title='bbox 880 3015 885 3081; x_wconf 87' lang='grc' dir='ltr'>Ι</span> <span class='ocrx_word' id='word_1_247' title='bbox 900 3013 1182 3083; x_wconf 63' lang='grc' dir='ltr'><strong>ροωηςυοὴιιιρ(ὸ);</strong></span> 
     </span>
     <span class='ocr_line' id='line_1_33' title="bbox 132 3082 1183 3153; baseline 0 -16"><span class='ocrx_word' id='word_1_248' title='bbox 132 3119 136 3126; x_wconf 78' lang='lat'><em>,</em></span> <span class='ocrx_word' id='word_1_249' title='bbox 164 3082 288 3152; x_wconf 76' lang='lat' dir='ltr'><strong>-gitnrd</strong></span> <span class='ocrx_word' id='word_1_250' title='bbox 326 3090 358 3138; x_wconf 89' lang='grc'><strong>12</strong></span> <span class='ocrx_word' id='word_1_251' title='bbox 375 3084 437 3140; x_wconf 88' lang='lat' dir='ltr'><strong>oleo</strong></span> <span class='ocrx_word' id='word_1_252' title='bbox 451 3085 519 3153; x_wconf 81' lang='lat' dir='ltr'><strong>(Pt,</strong></span> <span class='ocrx_word' id='word_1_253' title='bbox 530 3084 564 3151; x_wconf 81' lang='lat' dir='ltr'><strong>cf.</strong></span> <span class='ocrx_word' id='word_1_254' title='bbox 576 3084 668 3139; x_wconf 82' lang='lat' dir='ltr'><strong>Marc.</strong></span> <span class='ocrx_word' id='word_1_255' title='bbox 679 3101 709 3153; x_wconf 83' lang='lat' dir='ltr'><strong>p.</strong></span> <span class='ocrx_word' id='word_1_256' title='bbox 720 3089 772 3139; x_wconf 84' lang='grc'><strong>246</strong></span> <span class='ocrx_word' id='word_1_257' title='bbox 789 3104 796 3138; x_wconf 87' lang='lat'><em>=</em></span> <span class='ocrx_word' id='word_1_258' title='bbox 810 3099 860 3138; x_wconf 86' lang='lat' dir='ltr'><strong>om.</strong></span> <span class='ocrx_word' id='word_1_259' title='bbox 870 3083 961 3153; x_wconf 65' lang='lat' dir='ltr'><strong>paro.</strong></span> <span class='ocrx_word' id='word_1_260' title='bbox 977 3085 983 3150; x_wconf 76' lang='lat' dir='ltr'><strong>l</strong></span> <span class='ocrx_word' id='word_1_261' title='bbox 998 3083 1082 3152; x_wconf 74' lang='lat' dir='ltr'><strong>aintp</strong></span> <span class='ocrx_word' id='word_1_262' title='bbox 1095 3082 1183 3152; x_wconf 83' lang='lat' dir='ltr'><strong>(Pl.):</strong></span> 
     </span>
     <span class='ocr_line' id='line_1_34' title="bbox 164 3153 1184 3225; baseline 0.001 -17"><span class='ocrx_word' id='word_1_263' title='bbox 164 3155 230 3208; x_wconf 85' lang='lat' dir='ltr'><strong>sunt</strong></span> <span class='ocrx_word' id='word_1_264' title='bbox 248 3153 296 3209; x_wconf 79' lang='lat' dir='ltr'><strong>ab.</strong></span> <span class='ocrx_word' id='word_1_265' title='bbox 369 3160 404 3208; x_wconf 79' lang='lat'><strong>14</strong></span> <span class='ocrx_word' id='word_1_266' title='bbox 421 3153 554 3225; x_wconf 79' lang='lat' dir='ltr'><strong>palustris</strong></span> <span class='ocrx_word' id='word_1_267' title='bbox 577 3155 658 3225; x_wconf 85' lang='lat' dir='ltr'><strong>(Pl.):</strong></span> <span class='ocrx_word' id='word_1_268' title='bbox 686 3155 718 3208; x_wconf 92' lang='lat' dir='ltr'><strong>In</strong></span> <span class='ocrx_word' id='word_1_269' title='bbox 737 3153 869 3224; x_wconf 68' lang='lat' dir='ltr'><strong>ponamin</strong></span> <span class='ocrx_word' id='word_1_270' title='bbox 892 3154 970 3222; x_wconf 59' lang='lat' dir='ltr'><strong>pbr,</strong></span> <span class='ocrx_word' id='word_1_271' title='bbox 997 3154 1030 3207; x_wconf 92' lang='lat' dir='ltr'><strong>In</strong></span> <span class='ocrx_word' id='word_1_272' title='bbox 1048 3154 1184 3223; x_wconf 75' lang='lat' dir='ltr'><strong>palustri-</strong></span> 
     </span>
     <span class='ocr_line' id='line_1_35' title="bbox 164 3223 1184 3295; baseline -0.002 -16"><span class='ocrx_word' id='word_1_273' title='bbox 164 3224 218 3279; x_wconf 83' lang='lat' dir='ltr'><strong>bus</strong></span> <span class='ocrx_word' id='word_1_274' title='bbox 236 3224 283 3279; x_wconf 85' lang='lat' dir='ltr'><strong>db.</strong></span> <span class='ocrx_word' id='word_1_275' title='bbox 335 3230 368 3281; x_wconf 88' lang='lat'><strong>18</strong></span> <span class='ocrx_word' id='word_1_276' title='bbox 388 3223 523 3295; x_wconf 80' lang='lat' dir='ltr'><strong>sanguine</strong></span> <span class='ocrx_word' id='word_1_277' title='bbox 541 3224 622 3280; x_wconf 88' lang='lat' dir='ltr'><strong>milvi</strong></span> <span class='ocrx_word' id='word_1_278' title='bbox 639 3243 667 3295; x_wconf 90' lang='lat' dir='ltr'><strong>p.</strong></span> <span class='ocrx_word' id='word_1_279' title='bbox 686 3234 714 3294; x_wconf 88' lang='lat' dir='ltr'><strong>p.</strong></span> <span class='ocrx_word' id='word_1_280' title='bbox 732 3241 750 3294; x_wconf 77' lang='lat' dir='ltr'><strong>p</strong></span> <span class='ocrx_word' id='word_1_281' title='bbox 774 3225 819 3293; x_wconf 77' lang='lat' dir='ltr'><strong>(cf.</strong></span> <span class='ocrx_word' id='word_1_282' title='bbox 838 3223 922 3292; x_wconf 69' lang='lat' dir='ltr'><strong>antip</strong></span> <span class='ocrx_word' id='word_1_283' title='bbox 939 3228 964 3279; x_wconf 77' lang='lat' dir='ltr'><strong>a</strong></span> <span class='ocrx_word' id='word_1_284' title='bbox 981 3223 1055 3278; x_wconf 74' lang='lat' dir='ltr'><strong>Dal.</strong></span> <span class='ocrx_word' id='word_1_285' title='bbox 1075 3225 1114 3280; x_wconf 80' lang='lat' dir='ltr'><strong>ad</strong></span> <span class='ocrx_word' id='word_1_286' title='bbox 1134 3225 1184 3278; x_wconf 86' lang='lat' dir='ltr'><strong>Pl.</strong></span> 
     </span>
     <span class='ocr_line' id='line_1_36' title="bbox 165 3294 1185 3364; baseline -0.003 -12"><span class='ocrx_word' id='word_1_287' title='bbox 165 3298 325 3364; x_wconf 81' lang='lat' dir='ltr'><strong>corruptum</strong></span> <span class='ocrx_word' id='word_1_288' title='bbox 342 3299 422 3362; x_wconf 73' lang='grc' dir='ltr'><strong>30,ἵὸ</strong></span> <span class='ocrx_word' id='word_1_289' title='bbox 445 3299 470 3348; x_wconf 82' lang='lat' dir='ltr'><strong>et</strong></span> <span class='ocrx_word' id='word_1_290' title='bbox 488 3294 581 3352; x_wconf 81' lang='lat' dir='ltr'><strong>Marc.</strong></span> <span class='ocrx_word' id='word_1_291' title='bbox 600 3313 631 3364; x_wconf 83' lang='lat' dir='ltr'><strong>p.</strong></span> <span class='ocrx_word' id='word_1_292' title='bbox 651 3298 728 3364; x_wconf 79' lang='lat'>246)=</span> <span class='ocrx_word' id='word_1_293' title='bbox 756 3296 800 3350; x_wconf 75' lang='lat' dir='ltr'><strong>liic</strong></span> <span class='ocrx_word' id='word_1_294' title='bbox 822 3311 872 3350; x_wconf 83' lang='lat' dir='ltr'><strong>om.</strong></span> <span class='ocrx_word' id='word_1_295' title='bbox 891 3294 922 3361; x_wconf 83' lang='lat' dir='ltr'><strong>d,</strong></span> <span class='ocrx_word' id='word_1_296' title='bbox 951 3296 1000 3364; x_wconf 75' lang='lat' dir='ltr'><strong>pot</strong></span> <span class='ocrx_word' id='word_1_297' title='bbox 1022 3296 1185 3363; x_wconf 77' lang='lat' dir='ltr'><strong>tramponit</strong></span> 
     </span>
     <span class='ocr_line' id='line_1_37' title="bbox 160 3363 1185 3436; baseline 0 -16"><span class='ocrx_word' id='word_1_298' title='bbox 160 3369 225 3436; x_wconf 77' lang='lat' dir='ltr'><strong>post</strong></span> <span class='ocrx_word' id='word_1_299' title='bbox 242 3381 267 3420; x_wconf 80' lang='lat' dir='ltr'><strong>a.</strong></span> <span class='ocrx_word' id='word_1_300' title='bbox 287 3370 321 3419; x_wconf 89' lang='grc'><strong>20</strong></span> <span class='ocrx_word' id='word_1_301' title='bbox 344 3363 463 3434; x_wconf 83' lang='lat' dir='ltr'><strong>pedibus</strong></span> <span class='ocrx_word' id='word_1_302' title='bbox 485 3365 573 3435; x_wconf 83' lang='lat' dir='ltr'><strong>ponis.</strong></span> <span class='ocrx_word' id='word_1_303' title='bbox 591 3366 595 3433; x_wconf 83' lang='grc' dir='ltr'>Ι</span> <span class='ocrx_word' id='word_1_304' title='bbox 610 3365 707 3420; x_wconf 81' lang='lat' dir='ltr'><strong>Ebiaei</strong></span> <span class='ocrx_word' id='word_1_305' title='bbox 724 3382 755 3435; x_wconf 76' lang='lat' dir='ltr'><strong>p,</strong></span> <span class='ocrx_word' id='word_1_306' title='bbox 782 3365 877 3420; x_wconf 74' lang='lat' dir='ltr'><strong>livisci</strong></span> <span class='ocrx_word' id='word_1_307' title='bbox 893 3365 934 3421; x_wconf 83' lang='lat' dir='ltr'><strong>db</strong></span> <span class='ocrx_word' id='word_1_308' title='bbox 961 3367 1036 3434; x_wconf 88' lang='lat' dir='ltr'><strong>(cnm</strong></span> <span class='ocrx_word' id='word_1_309' title='bbox 1058 3366 1185 3435; x_wconf 67' lang='lat' dir='ltr'><strong>mungia</strong></span> 
     </span>
     <span class='ocr_line' id='line_1_38' title="bbox 165 3435 1185 3509; baseline -0.001 -17"><span class='ocrx_word' id='word_1_310' title='bbox 165 3452 216 3492; x_wconf 82' lang='lat' dir='ltr'><strong>om.</strong></span> <span class='ocrx_word' id='word_1_311' title='bbox 236 3435 281 3492; x_wconf 87' lang='lat' dir='ltr'><strong>Pl.</strong></span> <span class='ocrx_word' id='word_1_312' title='bbox 305 3435 415 3492; x_wconf 76' lang='lat' dir='ltr'><strong>ctOels</strong></span> <span class='ocrx_word' id='word_1_313' title='bbox 434 3436 484 3505; x_wconf 78' lang='lat' dir='ltr'><strong>qui</strong></span> <span class='ocrx_word' id='word_1_314' title='bbox 505 3435 605 3490; x_wconf 79' lang='lat' dir='ltr'><strong>tabent</strong></span> <span class='ocrx_word' id='word_1_315' title='bbox 626 3454 662 3491; x_wconf 85' lang='lat' dir='ltr'><strong>ex</strong></span> <span class='ocrx_word' id='word_1_316' title='bbox 678 3436 765 3505; x_wconf 86' lang='lat' dir='ltr'><strong>vino).</strong></span> <span class='ocrx_word' id='word_1_317' title='bbox 839 3441 872 3509; x_wconf 68' lang='lat'><strong>19</strong></span> <span class='ocrx_word' id='word_1_318' title='bbox 892 3436 1066 3505; x_wconf 76' lang='lat' dir='ltr'><strong>cataplasma</strong></span> <span class='ocrx_word' id='word_1_319' title='bbox 1085 3437 1148 3506; x_wconf 78' lang='lat' dir='ltr'><strong>(eie)</strong></span> <span class='ocrx_word' id='word_1_320' title='bbox 1167 3453 1185 3506; x_wconf 76' lang='lat'><em>9</em></span> 
     </span>
     <span class='ocr_line' id='line_1_39' title="bbox 166 3505 597 3574; baseline -0.005 -12"><span class='ocrx_word' id='word_1_321' title='bbox 166 3508 225 3574; x_wconf 82' lang='lat' dir='ltr'><strong>(ltoc</strong></span> <span class='ocrx_word' id='word_1_322' title='bbox 243 3523 294 3561; x_wconf 84' lang='lat' dir='ltr'><strong>om.</strong></span> <span class='ocrx_word' id='word_1_323' title='bbox 315 3505 369 3574; x_wconf 80' lang='lat' dir='ltr'><strong>Pl,</strong></span> <span class='ocrx_word' id='word_1_324' title='bbox 387 3506 467 3560; x_wconf 79' lang='lat' dir='ltr'><strong>tabet</strong></span> <span class='ocrx_word' id='word_1_325' title='bbox 486 3505 597 3573; x_wconf 78' lang='lat' dir='ltr'><strong>Calena).</strong></span> 
     </span>
    </p>
   </div>
   <div class='ocr_carea' id='block_1_7' title="bbox 0 0 1279 3925">
    <p class='ocr_par' dir='ltr' id='par_1_14' title="bbox 0 0 1279 3925">
     <span class='ocr_line' id='line_1_40' title="bbox 0 0 1279 3925; baseline 0 0"><span class='ocrx_word' id='word_1_326' title='bbox 0 0 1279 3925; x_wconf 95' lang='lat' dir='ltr'><strong> </strong></span> 
     </span>
    </p>
   </div>
  </div>
 </body>
</html>
