2517 3925
491 189 712 253 -15-

96 353 297 432 viperinarum
316 355 418 413 cinere
437 372 548 433 sparso.
576 355 757 413 castrutium
776 371 844 413 eum
872 366 976 428 20429.

95 442 195 519 sinape
215 443 321 501 tritum
343 444 515 522 impositum
534 442 679 502 emendat.
713 443 844 521 cydonea
872 456 976 517 20401.

94 537 178 589 encta
201 548 239 589 ex
262 532 329 590 vinc
354 538 384 591 et
411 549 480 591 cum
503 549 571 591 cera
598 533 668 591 trita
690 530 774 591 Inlita
797 550 843 591 ca·

93 618 180 696 pillos
199 621 373 681 restituunt.
409 614 532 680 roheria
544 618 652 698 pilulae
670 638 740 681 cum
757 620 842 699 adipe
871 633 958 695 2443.

69 722 80 761 ⁵
94 708 198 767 ursina
213 709 300 767 tritae
315 709 482 769 emendant.
510 708 624 788 ‘glandis
639 709 752 787 saginae
768 710 844 769 cinis
872 722 958 783 2444.
978 716 994 749 *

94 814 163 856 cum
190 796 277 855 melle
306 805 336 857 et
362 796 428 857 oleo
452 800 553 877 cyprio
581 797 726 858 inlinitur.
768 800 843 858 cinis
871 810 976 872 29400.

93 884 273 963 ungularum
296 874 378 947 muli*
392 886 437 946 vel
456 886 552 946 mulae
576 904 612 946 ex
631 886 697 947 elec
720 894 844 967 myrteo,
906 890 943 944 ib.

93 976 169 1033 ciuis
192 976 324 1035 murium
345 976 524 1057 impressae,
548 977 622 1035 cinis
644 977 774 1036 erinacei
796 995 842 1036 re·
871 988 976 1050 29407.

93 1080 165 1123 cens
194 1081 263 1123 cum
292 1065 358 1142 pice
390 1064 510 1143 liquida.
556 1064 709 1143 gallinacei
736 1082 842 1124 recens
870 1078 975 1139 29409.

55 1168 78 1207 u
92 1152 197 1212 timum
225 1151 368 1214 inlinitur.
412 1153 570 1213 sandaraca
594 1172 629 1213 ex
653 1161 746 1213 aceto.
788 1152 841 1213 ilu-
870 1158 1109 1228 34,177.(28,166.)

92 1248 194 1300 entem
209 1240 346 1320 capillum
360 1244 494 1303 continet
511 1242 664 1321 leporinus
683 1244 759 1302 einis
774 1260 843 1301 eum
1048 1248 1064 1282 *

92 1328 158 1389 olen
186 1338 309 1408 myrteo.
350 1330 389 1390 fel
423 1333 574 1392 taurinum
606 1349 675 1391 cum
707 1332 842 1410 aegyptio
870 1343 975 1405 28400.

91 1418 222 1477 alumine
246 1418 427 1498 tepefactum
450 1420 592 1481 inlinitur.

157 1602 199 1657 V.
224 1602 363 1671 capillis
385 1603 614 1673 denigrandis.

104 1730 109 1735 '
157 1720 262 1781 Potest
275 1722 370 1781 videri
385 1740 603 1802 supervacuum
615 1726 696 1784 inter
710 1725 841 1785 remedia

53 1825 76 1864 u
90 1812 228 1889 corperis
250 1828 363 1889 ponere
381 1829 416 1871 ea
435 1830 510 1890 quae
530 1811 566 1872 ad
588 1811 727 1885 decorem
749 1814 841 1891 perti·

89 1906 172 1958 nent.
210 1899 263 1959 sed
283 1896 430 1980 'quosdam
447 1901 540 1981 pudet
559 1908 610 1962 aut
630 1903 712 1981 ipsos
731 1900 841 1962 rubeus

90 2005 171 2069 esse,
204 1995 255 2049 aut
283 1991 431 2050 intantum
459 1989 593 2051 luxuriae
621 1990 777 2070 indulgent
806 1998 839 2051 ut

89 2076 213 2137 deliciae
243 2096 347 2138 eorum
375 2080 454 2139 inter
482 2099 513 2140 se
542 2080 718 2140 dissentiant
740 2080 839 2140 velen·

89 2167 167 2226 tium
191 2168 222 2226 in
243 2169 346 2246 pueris
375 2168 458 2228 rulos
482 2168 616 2250 capillos,
644 2171 676 2228 in
693 2164 770 2228 ¹viris
793 2187 839 2228 re-

51 2270 75 2310 20
89 2257 269 2316 cusantium.

163 2414 178 2462 1
198 2407 386 2478 viperinarum
405 2410 461 2476 Pu,
483 2409 644 2479 viperarum
661 2411 698 2464 rb
712 2411 783 2479 (M):
812 2410 990 2481 vulpinarum
1012 2411 1106 2478 puer.

87 2485 103 2532 2
125 2479 223 2549 sinape
240 2482 294 2549 qd:
323 2479 413 2551 sinapi
431 2481 476 2538 rb.
558 2485 637 2535 2-5
661 2481 977 2551 cydonia-emendant
1003 2497 1053 2536 cnr.
1077 2484 1103 2537 d.

88 2622 95 2632 ‚
123 2551 288 2633 acydonea
304 2568 334 2622 9:
367 2552 487 2634 cydonia
509 2553 525 2606 b
544 2551 659 2620 (citerna
680 2556 714 2621 r).
781 2559 797 2607 3
821 2569 885 2606 cum
907 2569 958 2636 000.
980 2570 1007 2623 p.
1037 2554 1045 2636 ΙΙ
1076 2555 1106 2608 et

86 2621 241 2763 aru
260 2628 437 2763 auur
452 2623 714 2778 0ςο000.
741 2623 861 2779 tua
875 2623 1104 2778 0000

86 2763 1104 2920 digitu?ittirittitdaiffililaiddtit‘iili

125 2906 278 2963 rmuhvel
287 2909 380 2963 mulae
394 2926 412 2978 0
426 2909 538 2977 (Marc,
551 2908 620 2978 Pt.):
634 2908 710 2964 mule
719 2908 766 2964 vel
778 2909 850 2962 muli
862 2909 930 2963 dcl).
948 2911 952 2977 Ι
968 2909 1077 2976 myrteo
1085 2924 1104 2976 0

17 3013 28 3024 -
86 2979 172 3048 (Pap
199 2978 314 3064 mittiue
331 2981 362 3064 d,
381 2978 503 3049 myrtino
522 2980 567 3034 rb.
599 3050 605 3062 .
641 2981 812 3064 ⁸..nmfi0un3
831 2996 943 3062 sparuna
961 2979 1006 3034 rb.
1038 2979 1104 3104 haueic

82 3050 377 3205 armarere
391 3051 470 3205 000
488 3052 727 3205 retractu
745 3051 967 3177 aarum
984 3056 1002 3191 0
1021 3065 1104 3190 ar

85 3192 171 3276 fimus
189 3193 261 3248 drb.
287 3193 291 3264 l
315 3193 538 3277 1n(l)hn1turpd:
557 3193 647 3277 1lhlua
659 3195 796 3277 repletrb
811 3195 856 3263 (ec
866 3194 932 3277 Pl).
957 3192 1103 3276 influenter

85 3263 433 3405 00000000
447 3265 1102 3405 utrumme

85 3407 593 3549 &creaturarum-„ir
610 3406 1101 3548 ianuariarum

159 3522 165 3535 .
598 3521 605 3547 ,
1052 3517 1058 3530 .

85 3555 121 3604 16
132 3567 154 3606 ι.
167 3549 259 3620 pudet
272 3550 408 3619 quosdam
417 3551 443 3606 d.
483 3555 516 3604 18
530 3547 707 3604 intersedieae
716 3550 839 3604 sentiani
848 3551 874 3606 d.
895 3554 900 3616 1
925 3547 1102 3604 volentumu
