2517 3925
490 206 732 273 -205-

169 414 291 469 nvm.
323 414 373 469 De
395 412 507 505 pinea.
1035 470 1091 526 Gal

168 530 372 598 Fortissimus.
385 550 422 593 ex
442 530 558 592 nucleis
576 530 663 593 cibus
681 539 727 594 cst
745 539 776 594 et
793 551 914 595 umores
936 535 1121 614 opti-ursel.

102 638 168 681 mos
197 620 292 699 gignit
317 626 349 681 et
375 622 456 681 sitim
483 618 566 681 sedat
596 627 626 681 et
648 620 794 687 stomachi
821 624 1013 697 acrimoniam
1047 649 1094 704 pp·

102 716 257 789 temperat.
297 716 405 789 purgat
432 710 557 785 urinam.
602 717 734 789 praestat
763 709 889 772 antidoti
915 712 1109 789 vicemttpt.

105 816 175 861 cum
197 796 303 859 laseris
329 830 368 839 -
393 811 422 878 1,
444 799 517 859 nitri
540 830 583 841 -—
602 811 630 879 1,
654 800 763 877 cymini
787 833 831 843 —
853 814 880 880 1,
902 798 1015 879 palmu-
1061 802 1077 836 *

74 886 201 947 clarum
225 919 267 929 -
291 899 318 947 1:
346 888 444 947 omnia
470 888 502 946 in
531 886 658 965 oxymeli
685 885 816 949 resoluta
839 889 1015 968 oxyporium

101 974 352 1037 iucundissimum
372 982 538 1056 praestant,
561 976 588 1035 si
605 976 693 1035 uncia
716 975 816 1037 nuclei
837 976 1015 1061 triti'simul

102 1066 273 1143 accipiatur.
302 1082 371 1125 cum
386 1066 451 1125 uvis
468 1065 565 1145 passis
583 1063 773 1143 frequentius
786 1064 886 1125 nuclei
903 1066 1016 1145 sumpti

103 1295 201 1352 maobo
223 1293 325 1368 aliquid
348 1294 450 1369 vigoris
465 1292 627 1368 adquirunt,
650 1301 772 1351 ventrem
787 1294 924 1351 molliunt.
958 1312 1014 1351 ma-

102 1386 182 1436 turae
204 1380 329 1450 nutriunt
351 1385 379 1435 et
394 1386 557 1453 egeruntur.
585 1394 646 1435 cum
661 1379 763 1435 luerint
778 1378 893 1437 mundae
908 1378 1012 1436 inflant.

63 1478 89 1519 ιο
104 1465 222 1522 cortices
247 1480 310 1520 vcro
334 1479 427 1520 earum
449 1463 630 1537 restringunt.

166 1548 256 1605 Nuces
284 1550 371 1605 siccae
397 1546 465 1604 duae
491 1563 553 1604 cum
582 1548 698 1605 totidem
723 1548 783 1607 licis
812 1557 840 1608 et
867 1568 910 1607 xx
936 1557 1014 1606 rutae
1033 1554 1090 1623 (88)

103 1632 183 1707 loliis
199 1632 291 1689 addito
313 1632 376 1688 salis
398 1648 483 1707 grano
498 1648 554 1689 uno
569 1632 651 1689 simul
673 1642 869 1691 conteruntur:
894 1634 1015 1691 aleiuno

103 1720 240 1775 comestae
255 1724 350 1774 eontra
366 1716 455 1773 omnia
470 1732 572 1773 venena
593 1723 727 1791 pugnant.
765 1718 847 1774 tritae
861 1734 924 1775 cum
938 1718 1015 1774 corio

103 1818 155 1859 suo
181 1802 209 1857 iu
237 1801 366 1858 umbilico
392 1800 497 1875 positae
525 1800 673 1857 lumbricos
702 1801 859 1858 excludunt.
896 1800 961 1858 lolia
983 1818 1016 1858 ex

5 1926 6 1957 3
65 1902 93 1943 rs
107 1893 184 1943 aceto
207 1887 269 1942 trita
291 1884 403 1943 auribus
424 1884 554 1941 instillata
576 1884 701 1941 auditum
721 1884 862 1961 praebent.

5 1963 6 1994 l

169 2043 298 2100 Pinorum
331 2040 421 2098 nuclei
452 2040 608 2098 calidissimi
641 2049 713 2098 sunt
756 2042 856 2098 lortius
889 2058 1014 2099 venerem

104 2135 293 2199 commovent,
322 2126 492 2184 stomachum
515 2133 544 2182 et
570 2141 651 2182 renes
673 2125 883 2190 excalefactus,
911 2128 1016 2183 urinam

104 2221 236 2288 purgant
276 2229 308 2268 er
330 2212 393 2267 vino
422 2209 493 2267 dulci
521 2211 609 2284 potati
631 2218 754 2268 ventrem
775 2219 895 2268 movent.
931 2209 1018 2268 liter

105 2297 203 2354 eodem
226 2297 386 2370 oxyporlum
408 2294 491 2351 utile:
519 2293 609 2351 nuclei
636 2296 747 2369 purgati
767 2295 855 2352 lasere
876 2297 949 2353 nitro
971 2313 1018 2371 cy·

63 2396 92 2436 ao
105 2383 181 2439 mino
208 2381 333 2456 palmulis
359 2379 483 2436 admixtis
506 2395 566 2438 oum
594 2379 675 2437 melle
701 2379 816 2438 dantur.
848 2379 1017 2493 flegmaticos

105 2473 194 2524 curat.

173 2601 222 2653 De
239 2600 422 2662 palmarum
439 2599 554 2662 pomis.

171 2692 322 2749 Palmarum
345 2691 528 2750 thebaicarum
543 2690 585 2748 vel
607 2691 774 2748 nicolaorum
796 2707 877 2766 poma
898 2691 952 2749 hoc
973 2699 1016 2748 est
1034 2687 1092 2754 (98)

106 2777 208 2852 dactyli
236 2777 337 2834 habent
363 2776 466 2850 aliquid
493 2773 601 2832 caloris.
638 2777 709 2832 cocti
735 2777 764 2832 in
786 2777 849 2832 vino
871 2775 933 2832 'dati
959 2782 1018 2832 sto·

93 3033 97 3038 ·
181 2995 424 3053 tFortissimiso.
442 2995 593 3066 {humores
612 2996 658 3050 bio
675 2996 735 3065 (qui
751 2995 1017 3064 sinebocmpar)o.
1063 2998 1124 3052 iet

108 3069 213 3138 (stom)
231 3069 322 3152 petel.
341 3069 438 3124 norb
502 3065 861 3137 aecminnmpurgoto.
886 3066 1124 3150 ipsaemet-(t)

107 3139 398 3222 frequentiusomffld
465 3143 642 3194 teto-,1
659 3139 826 3208 uitiari)
853 3138 1083 3194 unciannarb.

108 3218 222 3280 oquae
245 3209 340 3266 omnia
364 3211 409 3266 rb.
435 3215 440 3280 Ι
465 3208 590 3264 oximelli
607 3154 678 3279 polq
684 3208 835 3278 (oxymello
856 3210 914 3280 rb)
938 3211 944 3279 Ι
969 3209 1124 3281 oxiporinm

108 3281 276 3352 (exiporinm
292 3285 320 3353 o)
338 3281 567 3338 iocundissimum
584 3281 803 3363 praeiprebtant
818 3281 887 3350 ool:
914 3281 1026 3337 iucund
1044 3297 1125 3363 pree·

108 3354 279 3423 etantoxyp
282 3354 351 3409 ..rb
397 3351 564 3408 boneia..
580 3351 842 3434 .cocipiatnrpol.
859 3352 1016 3409 ιιιοιιιιιι..
1031 3350 1125 3409 ,ecci-

107 3425 172 3496 piat
189 3371 279 3480 rbxyp
290 3423 396 3479 'lcum
414 3423 477 3479 uvis
495 3425 566 3506 &o):
543 3422 748 3494 >camunni
769 3425 775 3492 Ι
799 3421 974 3493 frequemius
991 3421 1123 3478 nucleis.

108 3514 147 3566 po
176 3494 373 3580 (frequentius.
409 3493 556 3550 Nucleas.
580 3493 602 3563 l,
635 3492 783 3549 Nucleis.
805 3509 856 3552 om
879 3493 1054 3603 frequentius
1076 3494 1124 3564 d).

108 3514 211 3624 Nnclei
228 3565 402 3636 frequentius
421 3585 442 3622 s.
461 3566 506 3620 rb.
