2517 3925
496 194 739 258 —173-

173 388 312 445 XXXV.
343 390 392 444 De
415 402 509 459 rapo.
1051 380 1096 434 Pl,

184 506 265 588 Rapa
301 507 489 569 Democritus
525 516 676 587 tamquam
713 511 862 574 contraria
898 512 1017 589 ⁰⁰¹‘P0rr
1035 456 1105 513 209.

108 596 236 658 damnat.
273 605 359 677 putat
382 599 462 659 enim
485 616 521 658 ex
548 600 574 658 is
604 598 771 659 inflationes
795 599 939 659 stomachi
967 618 1016 659 ex-

108 688 203 746 citari.
240 693 345 747 eontra
367 686 484 747 Diocles
511 689 643 768 itemque
667 686 825 767 Dionysius
853 690 942 748 etiam
965 706 1015 747 nc·

108 776 238 835 cessaria
265 777 434 836 existimant
460 784 585 856 propter
612 794 662 836 cas
690 778 815 837 virtirtes
842 794 919 855 quae
947 775 1016 858 sub-

78 865 202 924 eiectae
231 872 309 925 sunt.
347 864 512 925 antidotum
535 872 762 945 repraesentant
789 884 857 925 cum
886 884 922 925 ex
949 864 1015 925 oleo

108 954 139 1013 et
170 954 239 1013 vino
275 955 345 1013 trita
383 962 551 1015 sumuntur.
600 972 741 1015 venerem
777 954 943 1034 summunt,
981 973 1016 1014 eo

108 1040 233 1102 validius
252 1044 279 1102 si
297 1060 366 1103 cum
384 1061 473 1104 eruca
489 1042 674 1103 condiantur.
702 1050 779 1103 tosta
798 1049 829 1103 et
847 1061 916 1103 cum
930 1042 1015 1122 adipe
1069 1048 1072 1054 '

108 1138 240 1191 contusa·
257 1129 451 1192 articulorum
479 1132 574 1192 dolori
601 1132 768 1193 medentur.
805 1132 949 1191 ferventia
971 1134 1016 1190 in-

107 1222 205 1299 posita
218 1222 379 1299 perniones
393 1222 541 1303 mitigant,
556 1221 651 1300 frigus
666 1240 702 1280 ex
715 1220 842 1300 pedibus
856 1220 1016 1300 expellunt.

65 1326 94 1365 1o
109 1326 186 1387 aqua
208 1311 240 1369 in
263 1327 321 1388 qua
344 1308 475 1371 discocta
499 1318 569 1370 sunt
595 1310 712 1389 frigidis
734 1309 874 1390 podagris
897 1308 1015 1370 salubre

108 1399 274 1459 lomentum
297 1405 351 1459 est.
393 1402 571 1479 cuicumque
594 1401 665 1460 vitio
693 1400 803 1479 pedum
830 1400 1016 1476 maximeque

107 1488 226 1547 trituris
255 1487 346 1547 cruda
374 1494 461 1548 tunsa
494 1496 684 1549 succurrunt.
731 1496 834 1549 contra
862 1494 1017 1567 serpentes
1062 1490 1078 1526 *

108 1582 139 1636 et
171 1577 268 1636 toxica
300 1575 388 1637 datur
420 1596 522 1637 semen
556 1596 590 1639 ex
620 1579 689 1637 vino
721 1576 892 1638 bibendum.
938 1576 1018 1637 idem

108 1660 212 1725 semen
236 1683 272 1725 ex
289 1667 358 1725 vino
376 1665 549 1727 vulneribus
568 1668 721 1726 venenatis
744 1665 862 1725 inlitum
884 1664 1015 1743 prodest.
1123 1727 1127 1737 ,

67 1754 275 1814 sesecundum
302 1753 376 1815 haec
404 1773 506 1815 semen
533 1758 565 1814 in
592 1756 672 1833 rapis
704 1760 805 1833 potest
832 1752 960 1814 calidum
988 1760 1018 1813 et
1062 1757 1078 1790 *

5 1916 6 1921 ἵ
110 1842 228 1903 fervens
251 1842 361 1925 videri,
388 1844 452 1923 ipsa
478 1843 566 1923 paulo
590 1842 733 1903 solutiora
757 1841 934 1921 creduntur,
964 1840 1017 1900 sed

5 1926 6 1966 l
112 1930 190 2012 quod
222 1933 322 1992 minus
352 1932 507 2013 possident
534 1931 655 2013 caloris,
686 1930 838 1993 molliendi
868 1936 1016 2012 potestate

110 2028 313 2101 compensant.

173 2215 248 2290 Rapa
262 2219 285 2273 si
300 2217 430 2291 frequens
446 2215 603 2273 comedatur
617 2218 751 2274 stomachi
770 2217 924 2274 inflationes
940 2217 1014 2274 iacit.
1029 2215 1105 2286 (40¹³)

65 2313 94 2354 eo
109 2301 187 2358 calda
209 2302 255 2358 ubi
277 2303 400 2358 coxerint
420 2301 527 2358 radices
547 2302 605 2358 eius
632 2301 797 2378 podagricos
820 2303 892 2361 love.
925 2317 1017 2358 semen

107 2387 169 2443 eius
184 2403 217 2442 ex
231 2388 295 2443 vino
319 2387 412 2443 tritum
434 2394 528 2444 contra
550 2387 719 2462 serpentium
740 2404 849 2445 morsus
870 2387 960 2446 datur.

181 2591 223 2644 tit.
242 2590 285 2645 De
303 2606 373 2661 rapo
391 2605 441 2660 go:
459 2589 502 2644 De
520 2607 590 2659 rapa
608 2589 718 2663 lupo).
771 2597 848 2646 1-6
867 2607 917 2646 om.
936 2592 964 2646 d.
1010 2597 1025 2645 1
1044 2591 1126 2672 Rapa

188 2661 329 2716 contraria
348 2662 416 2730 (etc.)
437 2677 489 2731 θυε
516 2659 627 2730 Rapum
646 2704 652 2716 .
668 2705 674 2718 .
690 2703 697 2715 .
716 2661 885 2717 contrariom
903 2662 990 2731 l(rb).
1053 2667 1126 2716 21s:

107 2733 155 2788 his
172 2733 239 2802 θυῑ,
263 2749 297 2787 ea
314 2733 359 2788 rb.
414 2738 430 2787 3
450 2731 585 2787 dionisius
601 2749 654 2801 θυ,
676 2731 820 2801 dyonisius
839 2733 868 2786 l.·
911 2737 927 2786 5
952 2733 986 2786 A.
1004 2748 1126 2801 namque

110 2803 288 2873 representat
304 2804 349 2860 rb.
370 2805 375 2872 1
400 2819 464 2858 cum
481 2803 548 2872 θυῖε
576 2819 627 2860 om.
645 2805 691 2860 rb.
733 2804 908 2858 desumuntur
924 2804 991 2873 pal:
1008 2803 1128 2857 semitm

110 2875 222 2944 (tritum
240 2874 359 2930 sumitur
376 2877 401 2944 υ)
419 2875 465 2929 rb.
491 2878 496 2943 Ι
520 2875 585 2928 atae
602 2874 704 2944 incipit
724 2875 757 2930 d:
783 2875 864 2944 Rape
881 2890 1012 2930 venerem
1029 2873 1126 2929 stimu-

109 2973 173 3028 1anc
186 2974 254 3043 aar
275 2955 403 3028 samnite
417 2972 479 3041 (aas.
494 2973 576 3042 eoa.)
589 2988 619 3042 θ,
639 2972 793 3028 ranam:
812 2973 866 3027 aaa
878 2971 923 3028 ro.
965 2971 1126 3026 rennuun-

109 3047 159 3100 'cur
176 3060 226 3115 qo:
252 3045 411 3113 (sumuntur
429 3045 450 3112 l,
474 3043 522 3098 eod
538 3059 626 3114 supra
643 3045 707 3113 scr.)
726 3043 894 3098 condiuntur
911 3044 959 3111 ld,
981 3043 1128 3099 condiatur

110 3117 157 3171 rb.
183 3119 188 3185 Ι
211 3117 319 3172 tostum
408 3115 574 3169 eontunsum
587 3131 611 3170 r.
666 3115 893 3171 Smedeturrb.
917 3115 1125 3184 licaveris...

109 3187 227 3258 mitigat
245 3229 252 3242 .
268 3228 296 3242 ..
316 3185 432 3256 expellit
449 3185 494 3240 eb.
515 3188 520 3256 1
543 3185 710 3255 impositum
727 3204 751 3242 r.
811 3193 844 3241 11
864 3204 887 3244 c.
905 3202 974 3243 vero
990 3186 1062 3243 vitio
1080 3188 1126 3243 rb.

149 3264 181 3312 12
201 3258 289 3313 cruda
305 3260 370 3312 tusa
389 3259 554 3312 succurrunt
571 3258 615 3312 laic
634 3259 677 3327 (ut
693 3257 774 3326 infra
789 3274 815 3315 υ.
836 3264 869 3314 16
887 3257 951 3330 ipsa
968 3260 1026 3329 ete.)
1045 3259 1128 3314 diam

110 3331 156 3384 rb.
205 3335 238 3383 13
257 3329 335 3383 Idem
349 3329 415 3399 gol:
433 3328 561 3398 Itemque
575 3329 621 3386 rb.
669 3334 703 3383 14
720 3345 755 3384 ex
766 3327 833 3384 vino
848 3335 913 3399 post
925 3330 1125 3386 venenatisrb.

113 3399 239 3473 {illitum
258 3401 368 3470 tuno).
423 3405 457 3456 15
477 3417 537 3470 sqq·
556 3415 606 3455 Ota.
625 3400 652 3455 d.
714 3407 747 3456 16
765 3400 831 3471 Ipso
853 3403 871 3457 l.
937 3408 970 3458 18
997 3416 1126 3470 compen-

111 3474 177 3527 sant
189 3489 208 3542 θ
227 3472 401 3598 (υοέυρυηυυὴ
414 3472 479 3542 inl:
498 3473 668 3544 conpessant
679 3487 709 3543 υ,
727 3473 909 3543 compescant
922 3473 933 3528 l
945 3472 1038 3542 (plene
1052 3487 1127 3526 com·

109 3546 262 3612 pescantr
283 3545 302 3613 ).
