2517 3925
511 187 753 253 „153-

116 355 130 375 ⁰
232 350 319 411 lienis
351 351 499 433 infringit,
536 350 666 413 calculos
696 349 794 431 pellit,
825 350 943 410 urinam
975 350 1060 429 citat,
1092 350 1142 410 ad-

147 442 215 497 obit
233 446 335 501 monet
356 448 511 501 menstrua
529 439 715 501 seminarum.
752 438 809 499 hoo
827 437 993 499 antidotum
1011 436 1143 499 Galenus

231 526 365 608 polpides
386 526 538 609 inscribit,
564 527 645 607 quod
671 534 757 606 putat
778 535 839 588 tam
861 526 990 587 salutare
1012 534 1048 589 ut
1075 526 1142 606 plu·

232 618 316 682 rimis
339 616 424 676 annis
447 618 537 676 vitam
558 615 714 677 hominum
735 617 831 695 possit
852 614 1022 677 extendere

158 724 202 779 Pi.
298 746 444 803 mn.
467 746 516 801 De
537 748 664 802 mente.

134 802 221 866 20'53'
299 845 341 906 lle
364 855 465 907 menta
487 864 606 927 quoque
630 864 706 925 quae
729 848 883 926 potuimus
905 846 1046 907 adnotare
1069 845 1171 907 snb-s

231 936 365 995 iecimns.
400 933 550 996 labentem
577 937 710 997 animum
737 935 837 996 odoris
861 934 992 995 eliicaoia
1013 943 1143 996 recreat

232 1023 383 1084 stomacho
402 1023 475 1085 nihil
494 1025 719 1104 concupiscenti
732 1024 884 1085 fastidium
901 1022 1039 1088 detrahit.
1075 1041 1144 1086 san·

232 1112 352 1191 guinem
380 1111 588 1177 excreantibus
616 1114 649 1175 in
676 1110 840 1173 sorbitione
867 1115 1000 1193 ptisanae
1028 1114 1143 1193 optime

192 1235 215 1278 0
231 1194 429 1281 propinatur(
461 1203 492 1261 in
524 1200 626 1261 dolore
659 1203 765 1281 capitis
798 1209 922 1261 contusa
954 1199 1144 1281 temporibus

232 1286 380 1351 inlinitur.¹
411 1288 549 1351 instillari
576 1288 700 1351 auribus
722 1308 829 1351 sucum
856 1308 926 1351 cum
947 1307 1022 1370 aqua
1044 1289 1143 1350 mulsa
1159 1311 1188 1349 ro

232 1377 305 1438 utile
321 1384 367 1439 est
379 1379 411 1438 in
430 1377 540 1438 dolore.
568 1377 667 1439 aridae
685 1378 783 1459 pulvis
801 1376 898 1440 tribus
917 1378 1017 1457 digitis
1035 1396 1142 1460 appre-

231 1465 344 1526 hensus
367 1472 489 1527 etcum
512 1483 588 1544 aqua
605 1466 699 1527 calida
722 1468 753 1527 in
771 1468 892 1545 potione
916 1466 1002 1527 datus
1021 1478 1143 1528 omnem

232 1552 376 1614 stomachi
398 1551 527 1633 detergit
548 1556 696 1617 iniuriam.
729 1552 833 1616 eadem
851 1574 901 1616 res
920 1557 1009 1618 etiarn
1027 1558 1143 1617 ventris

232 1641 367 1702 animaha
389 1642 538 1704 interficit.

159 1824 205 1893 (cf.
309 1818 411 1893 Nepete
442 1819 621 1877 calidissimae
650 1821 757 1877 virtutis
786 1829 837 1877 est.
885 1819 957 1878 unde
987 1837 1021 1877 er
1048 1839 1080 1879 ea
1108 1818 1140 1878 iit
1156 1836 1183 1876 ro

128 1894 393 1962 Accedantidotum
428 1903 504 1980 quod
531 1903 733 1963 diacalamintes
760 1914 881 1964 vocatur.
929 1905 1035 1964 urinam
1063 1907 1141 1979 citat,

124 1969 375 2044 ¹¹21²4lmenstrna
397 1997 496 2047 movet.
534 2005 616 2046 sucus
638 1991 698 2046 eius
719 2007 752 2046 ex
773 1990 860 2047 mulsa
880 1999 965 2066 potus
978 1993 1142 2068 sangninem

235 2081 392 2129 excreantes
413 2081 499 2130 sanat.
536 2090 619 2132 sucus
641 2075 701 2131 eins
722 2075 836 2131 aurium
849 2076 961 2134 vulnera
982 2086 1069 2134 curat.

156 2208 212 2277 (26)
295 2209 384 2267 blenta
405 2211 533 2271 virtutem
563 2210 646 2268 babet
671 2211 903 2286 refrigeratoriam
932 2208 981 2286 (cl.
1003 2210 1139 2289 calidam).

231 2310 313 2351 sucus
335 2296 395 2350 eius
416 2310 478 2352 eum
500 2304 578 2354 aceto
601 2306 629 2354 et
652 2295 786 2371 sulphure
813 2297 903 2371 ignem
925 2314 1033 2356 merum
1054 2298 1139 2372 tollit,
1155 2316 1184 2357 so

232 2387 355 2434 tumores
377 2387 405 2436 et
426 2379 537 2436 vulnera
559 2381 656 2454 capitis
674 2388 760 2438 curat.
796 2398 880 2439 sucus
902 2384 961 2441 eius
984 2399 1045 2443 cum
1060 2391 1139 2446 aceto

228 2469 294 2537 pota
316 2463 475 2536 sanguinem
496 2464 672 2522 reicientibus
699 2464 823 2540 prodest.
859 2483 942 2525 sucus
970 2483 1031 2524 cum
1058 2467 1140 2525 melle

229 2561 330 2621 acapno
352 2554 381 2603 et
402 2546 466 2604 telle
484 2547 602 2622 perdicis
617 2548 749 2624 caligines
765 2550 906 2607 oculorum
929 2552 1056 2627 extergit.
1090 2556 1139 2609 vo·'

229 2631 323 2688 micam
350 2631 461 2706 stringit
487 2649 570 2690 sucus
599 2633 658 2690 eius
687 2651 749 2691 cnm
771 2636 881 2693 mastico
907 2636 1043 2710 catapotio
1066 2635 1138 2693 iacto

228 2716 252 2770 si
274 2713 416 2790 glutiatur.
1154 2735 1183 2774 ss

194 2904 208 2953 1
229 2898 301 2955 citet
316 2901 384 2970 goi:
403 2900 460 2956 ciet
476 2901 542 2968 rh!
564 2901 706 2958 Admonet
721 2918 761 2972 go
779 2904 989 2973 (προσκαλεῖται
1006 2904 1070 2961 Gol.
1083 2915 1138 2966 ΠΙ,

122 2971 584 3042 o.mrrr1,2eo)=edmouetrt(t).
603 2972 799 3043 theogozhoc
807 2975 992 3060 outemrb(l).
1005 2975 1139 3048 {gelonus

121 3039 262 3109 polytesin
282 3041 381 3098 scribit
397 3059 450 3113 gv,
468 3041 595 3114 galienus
611 3043 714 3112 polites
731 3043 895 3114 insumite,
913 3045 1046 3103 (trhonus
1059 3047 1139 3118 polo-

121 3110 208 3168 tensis
218 3111 483 3182 scribitr(Gnlenus
492 3112 649 3170 Polotsnsis
663 3114 762 3170 scribit
773 3116 809 3186 t).
836 3117 989 3174 ttselntnre
996 3119 1079 3188 pote
1094 3135 1139 3174 ss

121 3180 201 3236 lubre
223 3182 261 3237 rb
287 3184 327 3251 (et
344 3189 408 3240 mete
429 3185 483 3254 ips.
501 3199 572 3240 cerr.
590 3184 623 3256 l).
687 3192 706 3240 4
724 3227 776 3242 ...
793 3187 885 3258 possit
906 3189 1063 3245 extendere.
1095 3190 1139 3246 De

120 3253 217 3308 mente
233 3269 345 3323 quoqne
363 3297 370 3312 .
386 3295 414 3312 ..
433 3257 492 3311 sine
509 3256 550 3311 tte.
565 3257 631 3312 noct
648 3260 708 3329 cop.
723 3261 749 3314 ct
765 3259 825 3314 mne
840 3275 954 3316 occure
969 3275 989 3330 g
1006 3261 1082 3328 (item
1098 3263 1139 3328 tr,

121 3338 178 3377 econ
189 3325 226 3394 e).
255 3331 392 3395 tqnoqne
405 3341 456 3382 orn
470 3327 517 3381 rb.
533 3327 543 3395 l¹
555 3325 719 3384 adiiciemus
732 3345 756 3384 r.
793 3329 914 3404 stirmis
926 3346 966 3401 go
1012 3333 1140 3402 vomet

122 3394 248 3463 (tysanae
265 3397 299 3465 r).
351 3399 519 3481 11...sst3
538 3395 748 3457 indolore‚..
766 3400 849 3470 gott
870 3349 1136 3484 digitis’ffibusrb.

124 3463 126 3534 i
143 3481 283 3534 appensus
302 3465 319 3520 l.
366 3471 399 3520 13
413 3466 535 3537 detergit
548 3469 573 3522 1·
583 3470 654 3541 (rb):
673 3470 802 3542 deterget
814 3488 865 3543 gc,
884 3472 989 3543 digerit
1005 3478 1070 3530 onte
1083 3475 1137 3543 ips.

32 3596 37 3601 ν
121 3549 190 3590 corr.
201 3536 218 3590 t.
235 3535 1136 3614 1metentesetampes:nmemeuamresomedomquerosr.
