2517 3925
429 213 690 287 .——47-

72 402 162 445 sucus
194 386 280 464 potui
316 384 412 446 datur.
461 386 677 447 ammoniacum
707 388 823 466 potioni
850 396 938 460 3333.

73 472 198 534 additur.
231 472 306 533 ulmi
324 481 427 534 cortex
445 481 545 535 tusus:
568 473 683 535 denarii
704 475 822 555 pondus
850 486 938 550 24‚48.

72 564 101 621 in
115 561 235 623 hemina
249 580 343 641 aquae
362 562 485 642 frigidae
505 564 594 623 btiam
606 572 723 643 purgat.
746 582 822 643 aqua
849 574 937 638 3333.

71 651 183 714 bibitur
201 654 234 712 in
253 669 312 731 qua
330 652 484 731 gallinacei
502 652 685 713 decoxerint.
717 652 820 713 birun·
884 657 921 712 ab.

48 741 191 802 edininus
209 742 299 802 fimus
318 741 433 802 adiecto
452 740 538 801 mede
562 744 744 821 suppositus,
776 760 821 802 sa-
894 748 911 781 *

72 830 135 891 licis
150 848 242 893 sucus
261 849 299 891 ex
312 832 381 891 aino
399 828 495 891 mulso
515 838 644 909 potatus.
677 830 820 891 thalasso·
850 841 937 907 3133.

70 919 140 980 meli
173 920 390 980 iucundissime
427 927 536 999 purgat
575 922 640 980 sine
677 919 822 980 stomachi

70 1010 239 1090 vexatione,
263 1016 294 1069 et
317 1008 408 1068 odore
431 1015 515 1087 grato
539 1015 569 1069 ct
592 1025 709 1087 saporo.
742 1009 824 1087 qnod
885 1011 922 1065 ib.

71 1099 111 1158 sic
145 1098 212 1157 ficri
228 1166 231 1173 ¹
245 1096 346 1158 debet:
378 1116 470 1176 aquae
503 1099 635 1158 marinae
667 1105 698 1157 et
729 1115 822 1177 aquae

38 1197 59 1235 1⁰
71 1182 207 1247 caelestis
236 1186 341 1247 eadem
367 1204 506 1248 mensura
535 1194 565 1247 et
597 1184 656 1246 mel
688 1186 823 1246 eiusdem

70 1276 217 1354 portionis
239 1278 472 1356 permiscentur,
496 1283 525 1334 et
549 1283 684 1336 servatur
702 1276 734 1334 in
754 1292 822 1334 vaso

71 1364 153 1425 fictili
175 1365 285 1443 picato.

135 1564 194 1621 VI.
218 1563 340 1621 Ventri
362 1564 523 1620 sistendo.

136 1682 245 1744 Cancri
264 1682 421 1745 fluviatiles
439 1686 503 1745 triti
522 1702 558 1745 ex
577 1702 653 1763 aqua
668 1684 820 1746 bibuntur.
849 1696 954 1759 33131.

46 1778 49 1783 “
73 1774 155 1833 sativi
174 1774 278 1833 siseris
298 1790 389 1833 sucus
406 1776 439 1834 in
457 1774 579 1853 caprino
598 1773 674 1834 lacte
691 1780 820 1852 potatur.
849 1783 937 1847 20,35.

42 1870 60 1909 1⁵
72 1864 200 1921 ocimum
220 1864 324 1921 tritum
342 1864 440 1922 ventri
458 1861 602 1923 inlinitur.
630 1864 772 1941 panicum
788 1864 820 1923 in
849 1872 953 1936 20‚122.
983 1872 1094 1936 22,131..

71 1948 143 2012 lacte
169 1951 291 2030 caprino
310 1947 466 2012 decoctum
489 1970 572 2012 more
597 1950 769 2013 sorbitionis
788 1952 820 2014 in

72 2040 115 2099 die
140 2042 279 2100 sumitur.
312 2047 397 2101 vetus
415 2042 501 2120 panis
522 2043 661 2103 nauticus
679 2048 768 2102 tusus
790 2048 821 2101 et
848 2053 953 2115 33138.

71 2130 178 2189 iterum
197 2136 302 2190 coctus
321 2147 358 2188 ex
376 2147 452 2210 aqua
466 2128 588 2191 bibitur.
611 2133 643 2191 in
662 2149 738 2210 aqua
754 2148 818 2190 cor·
848 2141 953 2204 22‚141.

71 2219 142 2278 tices
159 2217 243 2280 labae
263 2217 300 2288 ad
314 2219 417 2278 tertias
435 2219 575 2292 decoctae
589 2226 726 2298 prosunt.
754 2218 820 2278 lens
847 2229 953 2293 22‚142.

41 2317 105 2366 3311
128 2311 204 2386 aqua
229 2304 349 2366 caelesti
371 2307 494 2367 decocta
517 2307 665 2369 sorbetur.
703 2314 819 2369 acetum
848 2318 935 2382 3333.

71 2412 185 2456 merum
215 2397 352 2457 sumitur.
398 2395 474 2456 mala
503 2396 651 2458 silvestria
681 2396 819 2461 eduntur.
848 2407 953 2471 23‚104.

72 2501 144 2562 aqua
161 2486 193 2544 in
212 2502 271 2562 qua
289 2485 355 2562 pira
374 2487 502 2564 agrestia
520 2493 603 2552 cocta
619 2488 679 2546 sint
696 2484 818 2546 bibitur.
848 2497 952 2559 23,116.

71 2572 250 2634 silvestrium
276 2591 443 2651 prunorum
460 2572 561 2635 ‘bacae
584 2573 630 2634 vel
658 2593 695 2634 cx
718 2574 819 2634 radice
848 2584 952 2648 23,133.

71 2663 196 2722 cortices
215 2663 246 2722 in
260 2663 329 2721 vino
348 2671 468 2724 austero
483 2663 694 2742 decoquuntur
711 2670 745 2723 ut
760 2671 819 2723 ter·

103 2866 1093 2953 13333333913313333319333333)193333333933.43333133.

75 2937 208 3007 gallim
227 2939 313 3008 pedes
332 2939 443 2995 decocti
460 2939 636 3009 1331111331
661 2939 897 2996 311333133333.
944 2943 961 2992 3
985 2953 1088 3020 suppo·

72 2994 578 3080 Ι11131111.693333113131331.Ι
607 3010 877 3067 Τ31333311131113.
951 3008 1093 3065 liocun-⁴

72 3079 179 3136 dissime
196 3081 239 3151 93
256 3030 322 3150 (313,
341 3084 388 3137 aad
404 3082 605 3138 iucundissime
622 3098 641 3152 9
661 3086 722 3153 1,.3)
787 3085 884 3150 oport
902 3080 988 3136 (13333
1006 3082 1087 3137 3331-

72 3151 143 3206 tor
130 3169 162 3208 nt
179 3157 258 3208 13333
275 3154 328 3223 931
357 3153 502 3209 Confectio
526 3153 652 3208 33313333
670 3126 754 3208 melis
781 3153 919 3222 (33313333
937 3152 1030 3207 mellis
1047 3154 1086 3223 d).
1104 3191 1110 3198 .

33 3275 35 3314 t
73 3226 947 3295 3933111333.11131133319133113113313.113339·
971 3225 1086 3278 13333.

33 3317 36 3364 r
103 3297 143 3351 tit.
161 3295 208 3350 Ad
225 3297 353 3352 venbrem
371 3295 570 3352 sistendumd
626 3294 1095 3365 143333313313933311313-
1134 3358 1136 3363 ¹

73 3366 120 3420 eris
139 3367 238 3438 (sicld
261 3366 354 3436 (333111
373 3367 533 3436 emericum,
547 3367 680 3423 3131113.
710 3367 896 3435 333333311.
912 3368 944 3421 cl.
960 3371 1084 3421 144143

75 3436 148 3507 Groff
175 3437 480 3508 spumabundus)
540 3445 573 3494 17
597 3439 627 3493 in
655 3439 701 3493 die
724 3439 800 3494 drb:
826 3439 870 3493 313
888 3437 1001 3492 (113Ρ1.
1022 3438 1026 3505 Ι
1056 3438 1086 3489 33

74 3511 159 3565 3333
233 3515 270 3564 20
292 3510 432 3565 sorbetur.
460 3510 678 3580 3131391333
735 3516 769 3564 22
797 3509 871 3580 pirre:
898 3507 1086 3579 91333913,

75 3578 154 3636 bruna
167 3581 268 3652 (aimei.
319 3587 353 3636 23
369 3580 548 3637 3111333133.
571 3584 750 3650 1913331313
767 3583 816 3651 93.
867 3585 902 3634 24
916 3577 1022 3633 costori
1034 3577 1084 3644 93.
