2517 3925
532 191 775 256 -194-

252 358 328 419 dunt
349 357 462 417 ventris
489 354 630 416 officium.
666 372 704 415 ex
732 353 841 433 quibus
863 371 968 433 aspera
989 356 1035 413 ris
1059 367 1164 414 eornm

251 454 283 507 et
304 447 436 526 primum
457 443 538 523 ligno
552 444 669 505 ‘sortita
691 433 934 523 deprehenditur.
970 442 1041 503 iolis
1066 450 1165 503 tamen

251 534 298 596 vel
329 536 393 614 ipsa
424 547 512 613 poma
541 534 670 593 contrita
701 540 733 592 et
763 533 893 612 inposita
924 530 1106 611 spleneticus
1134 541 1167 593 et

251 623 431 704 hydropicos
454 622 593 683 adiuvare
612 622 814 683 certissimum
832 627 887 682 cst.
920 620 1029 681 radicis
1047 629 1081 681 et
1098 638 1165 681 cor·

253 714 321 773 ticis
344 710 448 773 eadem
469 712 565 771 virtus
588 708 730 790 hahetur,
751 722 882 789 quorum
899 727 993 771 sucus
1014 727 1053 770 ex
1076 708 1192 770 mattea
1245 767 1246 770 ,

254 808 357 863 coctus
380 801 486 861 tussim
510 800 638 881 mitigat,
657 816 730 860 cum
748 814 832 859 mero
855 800 967 859 mixtus
989 799 1086 859 iecom
1103 815 1166 859 me·

253 889 355 971 detur,
377 890 506 949 vesicam
529 887 606 948 levat
628 888 715 947 urina
736 885 874 966 largiore.

319 1088 492 1145 XLVEH.
525 1088 575 1145 De
596 1084 672 1143 lico.

75 1254 88 1283 ,
170 1202 231 1257 Gai.
322 1206 462 1269 Ficorum
494 1215 600 1269 natum
631 1204 809 1272 caldissima
840 1214 899 1285 est,
928 1204 980 1265 sed
1012 1200 1094 1283 quod
1130 1205 1167 1266 ad
1245 1205 1247 1276 ξ

150 1279 342 1377 V¹’⁵⁷¹·poma
369 1298 518 1376 pertineat
544 1297 670 1357 nimium
697 1292 871 1356 recentibus
899 1292 1058 1355 austeritas
1086 1295 1168 1354 inest
1245 1286 1247 1294 ’

254 1394 285 1447 et
306 1385 373 1445 ideo
397 1384 471 1445 tales
495 1384 682 1445 stomachum
703 1382 808 1444 inflant
828 1390 859 1443 et
881 1384 1021 1443 intestina
1043 1390 1203 1461 portur-1⁰
1245 1445 1247 1450 ,

158 1544 161 1551 Δ
253 1474 337 1554 hant,
361 1472 476 1533 modica
496 1472 631 1552 quidem,
655 1490 724 1532 nam
745 1474 846 1533 statim
865 1490 922 1551 per
940 1469 1037 1531 alvum
1060 1470 1168 1532 delinit
1245 1463 1247 1507 ⁵

254 1563 350 1622 omnis
367 1562 484 1622 iniuria.
524 1578 599 1639 quae
618 1562 710 1640 igitur
733 1561 912 1621 maturiores
936 1567 1071 1638 sumptae
1095 1569 1168 1621 sunt

253 1667 346 1730 prope
369 1651 515 1711 innocuae
535 1648 700 1710 creduntur
718 1656 748 1709 et
766 1665 878 1728 corpus
896 1650 940 1709 sic
958 1650 1048 1709 sicuti
1062 1650 1167 1709 ‘siccae
1245 1693 1247 1700 ,

179 1734 224 1789 Pt.
254 1740 397 1818 saginant.
426 1746 511 1799 antea
526 1737 655 1817 denique
669 1736 796 1799 athletae
811 1738 875 1798 licis
889 1736 1053 1817 alehautur,
1065 1740 1167 1816 prius·
1245 1739 1246 1752 ¹

155 1810 355 1907 ²3²⁶3·quam
370 1846 423 1889 eos
450 1826 633 1907 Pythagoras
659 1828 839 1888 exercitatos
871 1825 907 1886 ad
940 1828 1039 1886 carnis
1066 1839 1202 1907 usumu

254 1919 306 1997 qui
328 1917 434 1980 fortior
458 1914 544 1978 cibus
566 1922 625 1997 est,
655 1914 864 1978 trmstulisset
901 1916 998 1976 siccae
1020 1916 1112 1976 tritae
1138 1923 1170 1977 et

254 2009 400 2086 inpositae
422 2005 614 2066 vehementes
638 2012 773 2066 tumores
792 2012 844 2066 arrt
861 2011 1012 2066 motmunt
1033 2012 1088 2066 aut
1105 2003 1167 2065 dis·

179 2277 234 2345 (74)
317 2271 458 2328 Zizilarum
481 2280 578 2328 natura
601 2271 684 2330 calida
707 2280 764 2342 cst,
787 2270 956 2328 stomachum
978 2277 1107 2345 gravant,
1130 2270 1166 2326 si·
1245 2282 1247 2321 ρ

254 2356 302 2412 tim
326 2365 444 2412 movent.
488 2372 567 2431 poma
588 2356 649 2430 ipsa
675 2353 785 2413 difficile
814 2355 985 2430 digeruntur.
1021 2355 1168 2411 veterrima

253 2439 350 2496 viridia
371 2438 450 2497 iacile
472 2439 578 2497 urinam
594 2448 714 2496 movent.
752 2439 816 2496 lolia
832 2441 891 2496 eius
913 2440 976 2497 trita
991 2453 1052 2495 cum
1073 2441 1166 2513 pomis
1180 2452 1204 2491 ao
1245 2500 1246 2503 Ἴ

255 2517 372 2580 erlino
395 2531 461 2597 pota
482 2523 648 2599 spleneticos
671 2533 699 2580 et
721 2523 885 2598 hydropicos
908 2531 1013 2597 curant.

255 2657 469 2666 m...

220 2814 381 2884 loffioium
399 2812 506 2869 ventris
529 2815 573 2870 rh.
598 2817 602 2884 l
627 2830 713 2884 spera
730 2831 754 2869 o.
823 2813 928 2872 thino
949 2828 1005 2868 ccc.
1024 2811 1057 2867 d:
1083 2811 1168 2867 solia
1245 2810 1247 2867 l

149 2885 231 2956 a'iaipi
249 2886 296 2940 vel
314 2885 332 2942 i.
352 2903 401 2956 p..
418 2926 425 2940 .
479 2891 495 2940 3
514 2885 560 2940 vel
578 2887 673 2955 putri:
696 2901 746 2939 cm.
760 2885 805 2939 rb.
823 2886 827 2953 Ι
844 2883 1005 2954 spleni'n‘cos
1022 2900 1074 2952 po,
1093 2883 1166 2953 epla-
1245 2882 1247 2899 '

147 2958 225 3013 nicos
246 2958 291 3011 rh.
356 2957 547 3032 «hydropicos
570 2958 647 3027 μα),
673 2955 834 3025 hidropioos
856 2973 880 3010 o.
945 2961 962 3009 t
983 2953 1098 3009 tussim:
1125 2955 1169 3008 sic

146 3029 299 3097 potdhb).
355 3033 370 3081 7
389 3026 512 3098 largiore
529 3043 580 3097 po:
604 3027 642 3081 -ri
658 3027 695 3081 rb
721 3028 756 3098 (v,
775 3027 860 3083 levat
884 3024 995 3080 urinam
1012 3025 1167 3095 largiorem

148 3098 218 3154 facit
235 3099 288 3169 ta).
322 3105 356 3154 18
374 3098 423 3153 sed
442 3099 517 3168 quod
527 3130 560 3138 —
573 3099 630 3168 (16)
644 3096 835 3153 transtulisset
847 3114 896 3154 om.
911 3097 939 3151 d.
989 3101 1005 3150 9
1023 3096 1168 3166 pertineat

146 3172 212 3239 pot:
237 3171 297 3224 -net
319 3170 363 3224 rh.
420 3175 453 3223 12
476 3169 642 3224 maturiores
661 3172 789 3238 sumptae
808 3210 814 3223 .
830 3210 836 3223 .
852 3209 859 3222 .
876 3169 1014 3222 innocuae
1031 3168 1083 3222 rb:
1105 3184 1165 3223 ma·

146 3241 254 3296 tutiora
278 3241 391 3309 sumpts
410 3282 416 3295 .
436 3283 442 3296 .
463 3281 469 3294 .
489 3239 610 3296 innocus
631 3242 685 3310 pot
713 3241 775 3309 (aed
793 3256 860 3294 moro
887 3238 979 3295 siccae
1000 3241 1116 3307 manaa).

149 3318 182 3365 13
198 3313 227 3366 et
240 3309 271 3364 in
285 3326 385 3379 corpus
398 3312 454 3379 pol
471 3310 510 3380 (iu
524 3327 575 3365 om.
589 3313 644 3380 rb).
662 3312 667 3380 Ι
688 3311 728 3365 sic
742 3310 826 3366 sicuti
839 3310 965 3381 (sicutl):
979 3311 1020 3366 sic
1031 3310 1086 3379 pol
1096 3309 1164 3378 (rt).

99 3409 100 3412 ¹
184 3388 218 3436 14
236 3380 329 3435 Antea
347 3380 374 3436 d.
393 3381 501 3454 athlete
520 3383 605 3452 (tel)
623 3383 690 3452 pol:
710 3381 830 3451 denique
850 3382 975 3438 athletae
993 3383 1078 3436 antea
1095 3379 1162 3451 rin!
1245 3388 1247 3393 '

147 3478 207 3532 ficis
229 3493 280 3532 orn.
299 3479 322 3543 t,
348 3477 398 3545 qui
419 3479 530 3546 scripsit
551 3479 660 3534 athlete
684 3453 862 3534 dictabantur
889 3481 986 3550 (supro
1003 3478 1067 3533 odd.
1086 3476 1118 3546 1).

149 3555 183 3602 15
201 3551 354 3617 pytagoras
372 3563 419 3615 po.
