2517 3925
168 883 357 963 Frequenter
389 884 461 946 mihi
498 888 530 946 in
561 889 852 967 peregrinationibus

102 972 210 1035 accidit
237 980 272 1033 ut
299 981 350 1034 aut
376 982 500 1053 propter
526 994 622 1039 meam
651 985 702 1039 aut
728 978 876 1058 propter'

102 1080 239 1124 meorum
266 1062 468 1125 infirmitatem
494 1066 589 1125 varias
617 1066 737 1127 fraudes
759 1067 851 1128 medi·

102 1170 207 1214 corum
237 1153 462 1233 ,experiscerem
499 1152 676 1233 qmbusdam
711 1155 852 1216 vilissima

77 1250 89 1288 ⁵
103 1239 235 1302 remedia
248 1239 420 1319 ingentibus
438 1244 544 1320 pretiis
557 1242 769 1325 vendentibus,
787 1244 851 1305 aliis

102 1347 233 1409 eaquae
253 1347 357 1390 curare
377 1329 550 1392 nesciebant
573 1331 744 1412 cupiditatis
763 1351 852 1394 causa

101 1417 343 1498 suscipientibus
381 1419 525 1499 quosdam
547 1439 618 1481 vero
640 1424 772 1501 comperi
793 1422 851 1483 hoc

100 1526 212 1588 genere
231 1510 359 1586 grassari
373 1515 407 1570 ut
420 1508 579 1587 languores
594 1512 646 1589 qui
663 1512 851 1590 paucissimis

101 1596 208 1659 diebus
231 1596 278 1656 vel
306 1599 394 1658 etiam
421 1596 503 1665 horis
526 1607 651 1678 possent
672 1599 790 1681 repelli,
819 1602 851 1660 in

65 1696 88 1735 1⁰
101 1687 224 1766 longum
250 1694 368 1766 tempus
396 1686 599 1767 extraherent,
626 1696 661 1748 ut
688 1695 718 1748 et
746 1706 851 1767 aegros

101 1794 172 1837 suos
201 1775 252 1836 diu
280 1777 311 1834 in
339 1775 437 1836 reditu
465 1774 610 1836 baberent
642 1778 850 1855 saevioresque

100 1856 173 1944 ipsis¹
197 1862 310 1924 morbis
334 1866 504 1925 existerent.
542 1872 725 1944 quapropter
747 1883 850 1925 neccs-

4 1983 9 1996 ·
100 1956 214 2016 sarium
243 1951 316 2014 mibi
339 1955 443 2014 visum·
458 1963 504 2015 est
531 1962 565 2024 ut
591 1952 723 2033 undique
747 1953 850 2016 valitu-

101 2043 179 2104 dinis
199 2041 307 2102 auxilia
325 2041 532 2122 contraherem
551 2051 581 2104 et
601 2043 681 2104 velut
703 2042 855 2124 breviario

65 2144 88 2182 1⁵
101 2132 274 2212 colligerem
279 2178 298 2216 ,A
311 2139 344 2191 ut
363 2149 550 2211 quocumque
570 2134 718 2193 venissem
731 2150 851 2211 possem

102 2219 249 2282 eiusmodi
278 2219 400 2281 insidias
427 2222 520 2280 vitare
548 2228 578 2281 et
600 2220 657 2280 hac
684 2219 791 2280 tidncia
813 2239 851 2281 cx

102 2309 159 2372 boc
178 2317 313 2387 tempore
332 2311 390 2368 iter
414 2308 529 2387 ingredi
549 2317 583 2369 ut
605 2311 710 2390 sciam,
734 2309 759 2368 si
783 2310 850 2387 quis

100 2399 173 2460 mibi
202 2397 328 2476 languor
354 2396 507 2478 inciderit,
537 2415 596 2457 non
625 2397 757 2458 facturos
784 2396 850 2458 illos

102 2505 138 2547 ex
165 2505 214 2547 mc
242 2485 372 2546 reditum
396 2503 451 2544 nec
480 2492 631 2546 taxaturos
655 2487 849 2546 occasionem.

65 2587 89 2626 ²0
168 2574 246 2636 Ante
278 2576 376 2634 omnia
408 2581 507 2634 autem
542 2581 615 2652 puto
647 2576 680 2634 in
710 2584 849 2655 promptu

101 2661 238 2725 habenda
259 2681 335 2742 quae
359 2661 457 2724 subito
486 2661 652 2723 desiderata
679 2661 851 2724 difficillima

102 2752 241 2813 videntur
263 2753 399 2832 inventa,
422 2753 500 2812 sicut
523 2751 621 2811 oleum
642 2759 734 2812 vetus.
771 2751 851 2832 quod
881 2752 1057 2823 Pennana.

174 2946 199 2995 3.
218 2959 245 2995 v.
264 2939 437 2996 medicorum
454 2939 568 2995 dandas
586 2941 612 2995 d.
695 2938 918 3010 texperiacerer
934 2941 1010 3012 aab}
1039 2939 1120 2996 -rirer

103 3011 248 3080 afflare.)
321 3016 337 3064 ὅ
357 3010 421 3066 aliis
440 3027 474 3067 ea
487 3027 560 3080 quae
574 3027 597 3067 c.
612 3010 776 3067 nesciebant
793 3010 974 3080 pd(ll1orc.)=
993 3011 1057 3068 aliia
1072 3029 1119 3068 aaa

104 3101 126 3139 c.
145 3082 228 3152 (alite
247 3099 270 3137 c.
290 3082 317 3153 b)
335 3081 522 3138 nescientibus
535 3083 581 3139 rb.
645 3082 831 3138 8ntom.rb.
900 3084 968 3138 tut
984 3082 1073 3140 inrb.

105 3161 138 3209 10
151 3153 352 3224 protraherent
363 3155 401 3208 rb
415 3153 571 3222 (traherent
589 3154 694 3222 Marc.)
710 3153 715 3224 Ι
730 3155 764 3208 nt
782 3154 812 3208 et
830 3153 959 3223 (Marcp
979 3157 1008 3209 et
1025 3155 1118 3226 ydria.

106 3232 137 3279 13
156 3227 189 3280 ut
206 3239 257 3280 orn.
276 3226 313 3280 rb
324 3225 447 3294 (Marc).
521 3224 769 3299 ltucontraherem
786 3226 830 3296 od
847 3227 902 3291 (·re
917 3225 1035 3295 Marci:
1054 3243 1118 3282 con-

106 3298 212 3352 struere
226 3297 271 3351 rb.
297 3296 302 3367 Ι
327 3295 497 3352 breviarium
514 3296 552 3352 rb
572 3295 612 3363 (in
630 3293 801 3350 breviarium
820 3296 933 3367 Marc).
959 3338 961 3341 -
988 3302 1021 3351 16
1041 3297 1119 3353 eolli-

106 3384 170 3438 gere
188 3367 361 3437 rb(Macc.).
386 3369 391 3434 l
415 3367 459 3421 uti
476 3367 529 3438 rb..
595 3372 628 3420 16
647 3365 809 3423 huiuamodi
826 3369 872 3422 rb.
897 3370 903 3434 Ι
927 3383 950 3423 e.
969 3367 1059 3423 vitare
1076 3367 1119 3422 in·

106 3438 189 3494 aidiaa
208 3439 235 3494 d.
292 3443 324 3493 1v
343 3437 399 3492 iter
412 3437 589 3507 rb(Mcrc.)e
608 3453 660 3492 om.
673 3439 723 3509 gd.
779 3442 811 3492 18
830 3456 858 3506 q.
876 3438 996 3507 languor
1008 3437 1078 3492 mibi
1091 3439 1118 3494 d.

107 3515 138 3564 19
164 3525 199 3566 ex
216 3525 262 3564 me
280 3509 403 3565 reditum
422 3509 464 3578 qd
477 3508 605 3578 (Marelz
630 3508 668 3563 ad
685 3525 730 3563 me
748 3506 857 3562 aditum
875 3509 920 3562 rb.
946 3509 951 3576 Ι
974 3509 1119 3563 taxaturoa

106 3580 285 3652 prilidani:
303 3582 437 3650 capturos
456 3581 500 3636 rb.
574 3585 608 3634 22
627 3578 891 3648 inventu(ll1crc.):
910 3593 960 3633 oen.
978 3577 1069 3648 ydrb.
