2517 3925
473 250 718 314 -197—

87 404 188 475 tamen
218 420 334 474 matura
362 415 471 475 siccata
500 412 656 474 sublevant
687 413 886 497 stomachum,
918 414 1000 476 lasti·
1043 420 1063 464 »*

87 503 171 563 dium
197 501 326 584 pellunt,
357 501 481 563 vidnera
508 504 672 564 interaneis
703 504 804 564 innata
836 502 1000 565 deleniunt.

87 591 208 671 quidam
235 593 315 652 sicca
342 589 430 652 sorba
455 593 488 651 in
520 591 645 652 farinam
673 597 762 652 tunsa
789 592 943 654 solverunt
969 599 1001 653 et

86 698 142 761 pro
165 679 286 759 polenta
309 698 378 741 cum
401 682 469 741 vino
493 679 665 760 spleneticis
689 688 720 741 et
741 683 842 741 iecore
864 677 999 741 laboran-
1045 685 1063 718 *

56 768 167 830 asbus
199 770 386 848 maximeque
418 768 567 850 pulmonis
603 768 769 830 molestiam
802 769 1001 832 sentientibus

85 856 269 919 obtulerunt.
312 875 386 937 aqua
414 859 532 936 inqua
562 857 685 919 decocta
713 865 784 919 sunt
811 875 871 918 non
899 861 998 920 minus

85 948 215 1025 etipsa
245 948 344 1007 causis
376 945 555 1026 supradictis
591 949 677 1026 potui
708 946 805 1008 oblata
837 950 999 1030 succurrit,

85 1034 282 1116 dysentericis
306 1036 415 1096 iniecta
438 1035 613 1097 medicatur.
1042 1040 1060 1073 *

150 1218 207 1273 1.1.
239 1218 288 1274 De
312 1216 447 1288 siliqua.

152 1336 284 1416 Siliquae
316 1344 455 1399 recentes
491 1336 678 1398 stomachum
709 1345 863 1419 avertunt,
900 1337 996 1399 alvum
1031 1331 1077 1389 Pl.

40 1439 68 1479 10
82 1424 252 1507 resolvunt,
270 1424 393 1487 eaedem
406 1429 532 1489 siccatae
550 1429 582 1487 in
597 1429 781 1488 contrarium
795 1434 996 1506 compescunt
1007 1408 1096 1472 ²³3⁹·

82 1514 169 1575 cibus
193 1533 296 1576 earum
315 1513 350 1574 ad
374 1516 491 1577 urinam
513 1516 633 1594 proiicit
651 1516 901 1577 commovendam.
936 1524 996 1577 tra-

82 1603 164 1664 ditur
188 1603 224 1664 ad
249 1602 392 1665 stomachi
416 1602 549 1665 dolorem
571 1622 633 1664 non
659 1604 724 1665 lere
746 1605 943 1687 praesidium,
971 1606 997 1665 si

82 1699 186 1753 ternae
215 1694 246 1751 in
269 1695 398 1754 sextario
422 1682 515 1773 aq‘uae
544 1693 581 1753 ad
609 1691 764 1754 dimidium
791 1693 997 1771 decoquantur

82 1783 169 1860 isque
192 1798 283 1842 sucus
310 1800 366 1860 per
393 1782 457 1843 dies
484 1782 616 1860 quinque
640 1784 799 1842 continuos
819 1781 1104 1851 hauriaturaatim.

40 1883 68 1921 1⁵
84 1868 212 1930 Galenus
235 1869 272 1930 de
291 1869 408 1949 siliquis
425 1870 554 1950 pessime
574 1872 665 1930 sentit
683 1869 763 1948 quod
780 1872 829 1929 vix
847 1865 1105 1949 digeras-faceat

85 1965 136 2024 tur
150 1967 180 2019 ot
193 1968 326 2021 ventrem
339 1962 523 2040 restringant
541 1967 571 2020 et
589 1977 710 2020 umores
729 1961 834 2020 noxios
847 1961 990 2020 nutriant.
1004 1935 1104 2077 Q?

146 2171 235 2229 Sorba
257 2182 285 2230 et
306 2173 446 2247 praecocia
469 2189 550 2246 poma
578 2188 672 2228 eorum
695 2171 795 2230 viscida
812 2181 850 2249 ¹et
878 2173 995 2228 constri·
1015 2175 1073 2245 (75)

81 2259 161 2314 oliva.
201 2275 318 2331 quorum
340 2264 437 2313 natura
459 2255 621 2312 calidissima
637 2266 688 2314 est.

156 2472 170 2519 1
187 2465 327 2522 sullevaui
339 2469 367 2524 d.
383 2471 388 2536 Ι
404 2469 581 2525 stomachum
594 2470 685 2540 qnid:
704 2485 754 2525 cm.
769 2471 814 2526 rb.
831 2469 837 2540 Ι
851 2469 995 2525 ἱωῇἀίιιιη
1010 2470 1102 2540 qvid:

80 2535 143 2592 -dia
160 2536 205 2592 rb.
246 2545 277 2604 Ὶ2
296 2541 365 2595 nata
382 2541 408 2595 d.
425 2542 430 2609 Ι
445 2539 591 2596 deleniunt
608 2557 638 2595 a:
657 2539 797 2596 deliniunt
812 2541 945 2623 qlrlbb).
1000 2540 1104 2606 30111·
1210 2557 1219 2622 ζ

80 2607 147 2662 dem
166 2625 190 2663 v.
217 2609 222 2678 Ι
247 2627 268 2664 s.
288 2627 309 2664 s.
328 2609 438 2664 umnam
459 2611 544 2666 tunsa
564 2612 709 2668 solverunt
730 2628 760 2682 q,
788 2630 810 2666 s.
829 2629 851 2665 s.
874 2619 957 2667 unna
979 2615 1040 2682 (na
1058 2613 1104 2681 ld)

79 2682 166 2734 tunsa
183 2677 296 2734 luerunt
313 2681 381 2749 old,
401 2681 475 2737 sicco
493 2682 577 2737 sorbo
594 2685 677 2737 tunso
696 2682 783 2750 (sicca
800 2681 884 2736 sorba
900 2683 985 2736 tunsa
999 2684 1026 2752 b)
1045 2682 1101 2736 uri·

80 2766 150 2804 nam
164 2749 272 2806 solvere
286 2751 331 2806 rb.
355 2754 463 2808 conexi
476 2769 509 2806 ec
523 2751 616 2810 Dicae.
631 2751 691 2821 (sal
710 2749 743 2806 τὸ
759 2748 790 2818 ἐξ
808 2746 904 2806 edacia
922 2751 957 2807 db
977 2747 1104 2819 ἄλευρον

77 2815 263 2876 α’λεσθέντων
277 2816 341 2876 dati
355 2817 482 2892 ἀλφίτων
500 2827 556 2893 λαμ
575 2819 717 2893 caducaeo
732 2866 738 2879 .
751 2864 758 2878 .
769 2826 795 2893 .).
850 2830 868 2878 4
883 2822 1040 2893 splenitieis
1051 2825 1103 2893 901

76 2890 244 2961 (splenetias
263 2893 299 2962 d).
356 2895 457 2964 bob(p
476 2896 533 2964 ld)t
564 2897 647 2950 erunt
664 2896 740 2963 (ia)
757 2895 848 2965 qold:
867 2911 909 2948 ·re
927 2895 972 2949 rb.
992 2895 998 2962 Ι
1017 2897 1102 2964 Aqua

76 2963 265 3020 veroin...
284 2963 329 3021 rb.
351 2967 355 3031 Ι
381 2964 438 3020 sint
455 2982 480 3020 v.
544 2965 698 3036 8Disynt·
715 2982 747 3035 q,
774 2965 930 3035 dysinter,
951 2964 1101 3035 Dicenti,

78 3033 207 3088 Disaenb
225 3035 258 3104 d,
275 3034 396 3090 Dissint-
415 3053 443 3105 r,
461 3035 595 3105 Dyssent-
615 3038 638 3094 b.
661 3039 666 3104 Ι
686 3036 720 3091 D.
739 3053 850 3107 quoque
868 3037 887 3092 i.
906 3038 951 3092 rb.
971 3037 977 3107 Ι
996 3036 1102 3092 iniecta

75 3106 198 3174 yv(rb):
222 3105 336 3160 inuecta
353 3107 394 3161 ld.
458 3113 474 3162 9
495 3106 633 3176 Siliquae:
655 3125 696 3178 qr.
715 3103 841 3177 κεράτια.
904 3114 939 3164 10
956 3108 1101 3164 resolvunt

75 3175 170 3244 qvid:
189 3176 302 3232 solvunt
318 3179 365 3232 rb.
387 3181 391 3243 Ι
410 3176 440 3232 in
458 3179 629 3234 contrariam
646 3196 672 3248 q.
693 3180 698 3244 1
722 3182 903 3248 compescunt
920 3196 969 3249 eqo
986 3179 1101 3246 (sistunt

77 3245 151 3316 Pl.):
179 3248 298 3316 poscunt
319 3249 485 3318 uolam).
555 3256 587 3303 11
613 3249 747 3304 Traditur
768 3250 805 3304 ad
827 3252 894 3320 θυῖε
921 3251 1099 3320 traditurque

77 3319 179 3371 contra
196 3318 241 3373 rb.
297 3324 330 3374 12
349 3320 412 3375 love
429 3321 518 3389 qold:
541 3319 604 3376 leue
623 3322 668 3376 rb.
689 3324 694 3391 Ι
714 3321 852 3376 alternae
869 3322 900 3377 in
918 3339 954 3377 s:
978 3321 1100 3377 cisterna

77 3405 99 3444 s.
120 3387 162 3442 ld.
247 3395 280 3444 13
307 3391 389 3445 berna
413 3407 461 3462 qa.
487 3393 492 3459 Ι
516 3390 666 3446 dimidium
691 3393 782 3461 qvid:
810 3392 889 3448 -dias
907 3395 952 3449 rb.
982 3396 987 3460 Ι
1016 3393 1099 3447 deco·

76 3461 203 3528 quantam
221 3460 262 3517 ld.
333 3467 367 3516 14
385 3479 436 3531 per
453 3461 512 3518 dies
530 3461 655 3532 quinque
673 3478 725 3518 con.
745 3463 791 3518 Pl.
811 3466 817 3533 Ι
842 3464 989 3520 continuos
1006 3464 1097 3531 qaid:

76 3547 161 3585 -nuus
183 3532 228 3586 rb.
304 3536 337 3586 lb
361 3531 494 3605 (lulianus
522 3534 556 3589 ld
564 3535 608 3604 (r).
635 3536 640 3601 Ι
664 3532 697 3589 G.
719 3535 816 3589 tamen
838 3534 874 3590 de
891 3537 937 3590 rb.
1003 3540 1037 3588 16
1054 3549 1097 3588 re-

76 3600 220 3672 stringant
237 3603 327 3672 qvid:
346 3603 488 3674 stringant
505 3606 550 3660 rb,
567 3607 572 3674 Ι
587 3605 719 3660 humores
737 3611 763 3661 et
779 3623 797 3675 q
816 3608 882 3675 (non
899 3609 935 3675 v).
