2517 3925
480 239 819 304 -201-·

90 402 207 481 petioni
233 397 427 464 reicientibus
451 405 625 483 sanguinem
653 401 883 465 saluberrimum
906 404 1001 465 credi-

90 498 156 570 tur,
188 490 295 551 tussim
322 492 437 571 mitigat
460 510 529 554 oum
560 508 644 552 mero
670 501 784 573 potum
829 492 933 553 cadem
960 500 991 554 ct
1012 485 1086 553 (Gal.

91 580 202 640 ceteris
225 577 341 640 arboris
363 580 498 659 partibus
519 583 564 641 vis
581 582 681 642 inesse
704 581 845 663 traditur,
868 589 902 643 ut
921 581 990 642 lolia
998 560 1113 629 ΠΜ)

90 665 139 728 vel
162 676 265 730 cortex
287 668 324 731 ad
347 675 466 749 tempus
489 668 644 750 adsumpta
663 672 798 751 aperiant
818 678 949 749 purgent
971 680 1022 743 et,

64 764 265 819 sextenueut.
378 772 380 779 ’

100 976 102 981 -
160 940 270 997 Hm.
302 943 352 997 De
375 940 540 999 abelleno.

161 1058 317 1121 Abellanae
341 1062 372 1120 in
396 1058 462 1121 cibo
487 1069 623 1141 sumptae
647 1061 780 1122 dolorem
804 1062 893 1141 capiti
915 1063 999 1123 incu-
1034 1055 1080 1109 Pl·

92 1150 186 1230 liunt,
206 1148 391 1210 stomachum
412 1148 563 1210 inflatione
582 1149 765 1211 distendunt
794 1151 914 1229 corpori
928 1131 1099 1229 sane23’78·

91 1236 305 1317 pinguedinem
324 1238 492 1299 conserunt.
529 1241 624 1300 siccae
646 1240 672 1299 si
696 1241 727 1298 in
745 1256 814 1299 vaso
838 1237 922 1299 fictili
940 1245 1000 1299 tor-

92 1333 231 1407 reantur,
249 1325 497 1388 destillationibus
516 1327 686 1407 mitigandis
700 1326 856 1388 utilissime
872 1328 1001 1388 offerun-

52 1572 79 1611 ιο
157 1556 306 1631 amygdala
319 1548 417 1614 'dulcia
433 1560 546 1615 virtutes
562 1559 740 1616 calidissimas
753 1559 854 1616 hahent
867 1568 895 1615 et
911 1560 1121 1630 nutri-(seeo).

82 1648 154 1699 mut.
192 1640 278 1699 calida
292 1650 358 1699 suut
372 1641 407 1698 ob
428 1643 637 1718 pinguedinem,
659 1646 784 1701 nutriunt
799 1644 868 1718 quia
889 1660 1002 1699 carnosa

93 1732 170 1783 sunt.
207 1725 347 1801 amygdala
369 1728 489 1783 recentia
503 1728 674 1786 stomachum
688 1736 812 1786 onerant.
848 1728 920 1784 sicca
940 1721 1003 1783 cum

94 1809 222 1885 pellicula
243 1827 293 1867 sua
314 1820 434 1868 comesta
455 1812 597 1869 stomacho
621 1812 715 1883 utilia,
738 1818 861 1868 ventrem
882 1817 1016 1881 movent,⁴

97 1894 254 1952 ebrletatem
270 1903 379 1968 arcent,
402 1912 528 1953 somnum
543 1895 656 1954 leolunt.
693 1898 821 1952 tritorum
836 1910 898 1952 cum
912 1903 1004 1952 menta

57 1996 84 2037 15
99 1996 179 2036 sucus
200 1982 359 2055 sauguinem
374 1982 519 2040 reicientes
540 1982 623 2050 iuvat.
660 1981 750 2039 nuclei
772 1981 839 2038 tosti
860 1979 920 2036 triti
941 1995 1004 2036 cum

97 2064 177 2121 melle
199 2064 255 2121 clati
278 2067 373 2122 tussim
397 2066 505 2124 tollunt.

159 2149 307 2224 Amygdala
334 2167 423 2207 amara
456 2150 570 2208 fortiora
597 2160 663 2207 sunt
691 2168 706 2206 a
731 2147 866 2207 dulcibus.
914 2148 1003 2223 spleni
1023 2145 1079 2214 (91)

94 2234 209 2292 iocineri
232 2242 260 2291 et
281 2233 377 2292 morbo
400 2237 477 2310 regio
500 2234 613 2293 nucleos
642 2236 723 2291 tritos
745 2250 806 2291 cum
828 2248 904 2290 mero
925 2233 1005 2307 potui

94 2319 170 2376 dato.
208 2321 303 2376 tritum
318 2335 380 2377 cum
395 2319 457 2376 oleo
479 2319 641 2376 instillatum
660 2318 770 2376 auribus
785 2320 924 2392 antiquam
944 2334 1005 2374 sur·

51 2403 187 2462 ecditiam
205 2403 286 2461 tollit.
316 2420 378 2460 cum
393 2420 468 2460 mero
490 2414 587 2478 potum
609 2406 707 2460 tussim
722 2403 804 2461 tollit.
833 2405 927 2461 tritum
942 2419 1005 2460 oum

94 2495 173 2546 aceto
189 2488 301 2545 vulnera
316 2490 451 2545 iumento
472 2496 536 2546 nata
552 2495 580 2546 et
601 2491 766 2565 inpetigines
782 2486 865 2547 tollit.
902 2488 1005 2562 gummi

96 2589 192 2630 eorum
215 2579 262 2628 aut
284 2574 398 2648 thymus
421 2573 512 2646 (cimas
535 2571 608 2648 cod.)
630 2591 777 2650 exposce
790 2574 870 2643 datur
891 2573 1002 2646 sangui·

84 2665 158 2714 'nom
179 2657 362 2714 reicientibus.
402 2653 549 2735 [hepaticis
572 2675 695 2732 congrua
717 2666 782 2714 sunt
803 2664 922 2732 purgato
944 2672 1005 2713 cor-

96 2743 148 2800 tice
172 2743 201 2798 in
224 2757 293 2816 aqua
316 2743 406 2817 tepida
429 2751 455 2800 et
477 2743 518 2799 sie
539 2736 741 2818 comedantur]

422 2919 425 2926 v

168 2970 183 3018 1
204 2960 394 3019 reficientibus
413 2963 487 3033 (hic)
505 2979 531 3032 p.
557 2961 561 3033 Ι
589 2980 611 3018 r.
630 2977 709 3033 sang.
727 2962 842 3033 prodest
859 2962 885 3018 d.
956 2966 972 3015 2
992 2959 1115 3030 (eedem)

95 3101 163 3149 —o
190 3110 241 3150 om.
264 3095 291 3150 d.
372 3101 388 3148 3
412 3050 674 3166 ceterisssffihus
697 3095 765 3163 (sic)
788 3108 806 3162 p
833 3094 871 3162 (c.
896 3091 1114 3160 subcrispo).

97 3166 162 3237 luis
180 3167 230 3221 rb:
258 3179 308 3220 om.
326 3166 382 3236 gol
404 3165 448 3233 (cf.
469 3165 532 3220 Gal.
551 3161 655 3236 ὁμοίαν
674 3162 733 3234 ἔχει
751 3159 804 3232 τὴν
822 3159 966 3234 δύναμιν).
1029 3170 1048 3216 4
1065 3163 1115 3216 ed-

81 3239 212 3307 .snmpte
228 3252 281 3307 po,
299 3239 445 3307 assumpt-e
463 3237 485 3292 l:
504 3237 856 3306 sumpiarhlepeneo,
874 3235 1116 3317 spetialletp:

95 3325 148 3364 om.
166 3308 275 3378 ol(rl›).
343 3309 385 3362 to.
405 3312 430 3362 et
448 3313 464 3362 6
484 3307 633 3363 ebellonae
648 3323 700 3377 po:
719 3305 847 3362 evellens
865 3307 899 3361 ld
913 3307 981 3375 (rb).
1050 3311 1066 3359 6
1083 3322 1116 3359 m

96 3379 161 3435 cibo
177 3411 209 3419 -
225 3382 263 3449 (8)
285 3379 379 3434 lerunt
401 3380 446 3433 hic
471 3395 522 3433 ooo.
546 3380 582 3448 d.‚
613 3379 661 3433 ced
682 3380 746 3432 cdd.
770 3378 803 3432 ic
824 3379 879 3445 fine
905 3392 966 3446 cap.
993 3378 998 3445 Ι
1028 3374 1118 3444 capiti

95 3452 187 3521 pald:
206 3451 256 3505 -dis
273 3451 319 3505 rb.
374 3455 389 3504 7
409 3449 554 3505 inflatione
573 3449 749 3504 stomachum
767 3448 795 3506 d
813 3449 858 3503 rh.
874 3450 880 3517 Ι
895 3464 962 3504 sone
980 3462 1032 3501 om.
1050 3447 1076 3500 d.

95 3529 113 3578 8
133 3523 224 3578 siccae
241 3522 271 3576 in
290 3535 355 3576 vase
374 3521 392 3575 l.
413 3519 437 3575 si
455 3522 475 3575 t.
494 3521 561 3588 rh}
576 3537 646 3576 vaso
663 3536 715 3590 po:
734 3536 801 3576 vase
819 3520 929 3588 iduh),
988 3523 1005 3573 9
1024 3514 1116 3572 distil-

94 3593 251 3648 laiionibus
268 3593 420 3663 poldhb).
437 3593 442 3661 l
458 3591 609 3647 offerentur
627 3592 655 3646 e.
