2517 3925
494 188 736 254 „139-

101 368 173 414 cum
197 350 263 411 oleo
287 356 318 411 ot
340 357 425 411 aceto
448 352 539 413 tritus
562 350 713 433 inlinitur,
736 354 870 432 quamvis
893 352 1014 433 quidam
1059 360 1075 394 *

103 458 174 502 oum
198 438 261 501 solo
288 454 411 500 rosaceo
439 448 538 501 terere
565 439 734 501 maluerint.
775 444 904 520 gummis
930 448 1015 523 gutta
1060 448 1075 482 *

103 544 194 609 quam
216 528 327 609 persici
349 536 476 591 truncus
498 526 677 610 inlacrimat,
699 528 804 590 fluenti
826 529 891 591 alvo
913 530 1013 591 mede·

103 626 162 679 tur.
180 616 304 678 'eadem
326 618 418 679 mixta
436 630 505 679 oum
522 618 591 679 vina
614 618 704 679 etiam
725 620 758 681 in
779 620 877 679 vesica
898 618 1014 700 lapillos

71 705 228 786 strango,
249 708 321 767 trlta
342 714 381 767 'tx
403 715 488 769 aceto
510 708 698 787 impetigines
720 709 870 789 reprimit,
892 705 1015 770 decocta

103 812 175 856 oum
198 809 287 857 croco
310 801 444 857 tumores
471 797 602 857 faucium
623 796 752 877 mitigat,
778 812 914 877 emerem
937 805 1014 858 arto·

102 885 166 944 riae
190 882 323 944 canalem
345 882 486 946 leuiorem
506 884 590 967 lacit,
613 883 823 947 excreantibus
840 887 1016 965 sanguinem

102 974 182 1033 miro
196 971 284 1033 modo
299 967 450 1055 subvenit,
469 932 599 1034 thoracis
618 972 779 1038 obstrictos
794 976 877 1035 sinus
891 983 1016 1081 reserat,

103 1060 176 1122 vitia
198 1060 349 1141 pulmonis
371 1070 523 1143 expurgat.

174 1258 276 1318 XLV.
308 1264 358 1319 De
380 1260 491 1319 citrio.
1061 1261 1078 1295 *

61 1392 92 1433 1⁰
172 1379 240 1441 Non
258 1398 318 1443 una
336 1380 499 1461 callemque
517 1382 641 1443 virtus
631 1398 664 1441 m
682 1378 822 1443 omnibus
840 1383 920 1446 citrii
936 1398 1003 1462 par·
992 1372 1084 1442 .(Gal
1089 1373 1123 1430 dt

105 1467 188 1531 tibus
212 1472 392 1531 continetur.
428 1486 497 1532 uam
519 1471 627 1531 semini
646 1468 759 1531 acidam
777 1478 956 1550 potestatem
974 1488 1009 1533 ac
1017 1446 1123 1586 ,dmg

1032 1592 1092 1644 618.
1094 1590 1106 1656 )

169 1750 341 1809 Persicorum
363 1750 439 1810 cibus
455 1760 498 1809 ast
519 1751 628 1826 quidem
650 1751 793 1810 stomacho
814 1752 918 1810 inutilis
941 1753 1015 1828 quoti
1034 1758 1090 1825 (69)

106 1836 161 1893 cito
189 1848 272 1893 sucus
300 1847 397 1895 eorum
424 1843 545 1906 acescat,
572 1844 601 1893 et
626 1851 690 1893 caro
718 1836 776 1893 eius
803 1836 1015 1911 indigestionem

66 1928 94 1972 rt
108 1919 179 1978 lucit
215 1928 306 1980 tamon
327 1928 392 1996 post
414 1918 503 1979 cibun
525 1921 549 1977 sl
563 1918 663 1978 dautur
685 1919 789 1980 utilitas
804 1929 855 1979 ast
885 1936 936 1980 nec
958 1937 1015 1979 non

108 2011 137 2062 et
156 2007 227 2064 cocti
248 2007 276 2062 in
297 2007 357 2064 iuro
370 2006 395 2064 si
413 2021 477 2064 oum
497 2004 574 2080 pullo
597 2004 748 2081 gallinaceo
762 2013 924 2080 sumuntur,
947 2022 1014 2063 nau·

105 2090 175 2146 siam
188 2091 340 2166 stringunt.
376 2089 441 2147 lolia
456 2106 552 2148 eorum
573 2092 638 2148 trita
657 2107 720 2150 oum
735 2091 811 2150 calda
831 2097 898 2165 pola
917 2098 1014 2148 contra

105 2173 253 2232 lumbricos
274 2176 418 2234 viscerum.
453 2174 578 2233 similiter
604 2174 671 2233 lolia
697 2176 763 2234 trita
783 2175 911 2233 umbilico
937 2175 1017 2248 inpo-

104 2265 221 2318 nuntur
256 2259 354 2317 nucleo
381 2262 551 2333 persicorum
573 2275 636 2319 cnm
657 2268 735 2318 aceto
757 2268 786 2317 ct
811 2259 873 2317 olco
896 2258 1016 2316 lroutcm

64 2359 93 2400 so
106 2341 201 2402 linito:
236 2344 330 2419 capitls
357 2341 481 2401 dolorem
509 2344 591 2402 tolllt.
633 2346 737 2428 gummi
764 2361 859 2402 eorum
880 2346 908 2401 in
930 2359 1017 2419 posca

105 2427 201 2485 soluto
223 2435 289 2504 pota
311 2428 471 2506 sangninem
499 2430 651 2488 reicientss
687 2445 783 2488 sucum
805 2429 935 2487 loliorum
956 2430 1015 2486 eim

107 2528 170 2569 oum
192 2519 269 2570 acato
291 2512 325 2570 ad
345 2527 451 2570 vermes
465 2515 569 2572 aurium
592 2514 738 2573 instillato.
760 2523 790 2573 at
805 2513 916 2572 vulnera
936 2520 1016 2572 curat

107 2603 136 2654 et
158 2609 264 2654 vermes
286 2605 376 2656 necat.
557 2645 559 2652 .

171 2682 328 2740 Armeniaca
347 2681 432 2741 oullda
453 2690 480 2742 et
502 2685 634 2758 styptica,
655 2684 797 2742 stomacho
811 2683 888 2740 valdo
902 2681 1012 2739 utiliora
1030 2677 1089 2747 (70)

65 2769 138 2824 asin
160 2765 221 2826 cibo
243 2775 360 2844 sumpta.

111 2898 327 2913 m

184 3043 449 3112 lataostopolol.
468 3058 519 3098 om.
537 3041 604 3111 obl
599 3040 897 3124 {quantiscumrmr
913 3037 1126 3178 pmdsmtrb

147 3111 427 3196 Μιιιιιιιιιρυιι·
455 3112 641 3170 Gummirb.
691 3109 834 3168 suixtc
854 3111 910 3185 μοι
972 3109 1084 3168 orarb

111 3183 407 3323 {omittitis
424 3123 880 3326 ”tmrtllhiitb
890 3174 1129 3321 institisti

115 3326 447 3411 Ιιιιιιὶιοιιροιιιιιο.
458 3327 509 3382 ’.ιι
565 3324 815 3382 sobsblctusrb.
868 3325 1067 3410 spargatis.
1091 3339 1130 3380 aa·

112 3397 503 3482 compateremur·
530 3411 564 3453 rc
590 3397 675 3453 lotio
700 3409 760 3467 cop.
784 3400 919 3466 mepta.
990 3396 1032 3452 at
1060 3397 1130 3464 (eto.)

110 3467 196 3552 'cibrio
218 3469 253 3540 pl
266 3469 316 3538 (r):
344 3470 475 3540 cymsob
498 3468 635 3540 (citrod).
712 3474 746 3524 10
763 3467 830 3525 Non
850 3484 921 3524 una:
946 3465 1071 3524 nomina
1084 3465 1128 3538 ll

113 3538 180 3596 crini
197 3540 215 3595 l.
