2517 3925
526 148 774 252 -949

307 358 328 391 *¹
397 353 482 415 cudis
518 351 631 415 utiliter
666 350 788 412 bibitur.
842 350 895 411 sed
931 359 962 412 et
996 349 1148 412 humanus

281 452 369 516 noes.
397 444 517 523 sanguis
535 443 592 504 boc
610 442 682 503 vitio
704 439 818 501 liberat.
855 439 895 500 tel
912 442 1053 519 agninum
1076 457 1150 501 cum

296 534 334 588 ab.
397 532 483 593 melle
511 532 557 592 vel
580 530 707 591 cocleari
733 528 779 589 vel
806 528 897 608 ligula
924 530 1061 590 sumitur.
1098 547 1148 589 ca·

396 621 478 683 tulus
500 620 612 681 lactans
630 619 747 679 absciso
765 620 861 701 capite
880 624 911 677 et
932 616 1073 701 pedibus,
1096 636 1148 677 ex·

397 712 487 771 sectis
509 710 685 789 interaneis,
714 725 751 768 ex
773 709 841 767 rino
866 714 896 767 et
918 724 1018 787 myrra
1041 712 1175 767 coctus⁵

281 806 368 869 soso.
397 793 511 860 editum
550 800 665 859 viverra
697 802 815 876 sumpta
850 798 881 856 in
914 795 981 856 cibo
1013 793 1148 876 prodest

296 886 334 943 ab.
396 888 505 949 lacerta
532 886 637 947 viridis
665 885 762 946 ablato
789 886 885 964 capite
909 892 939 945 et
965 884 1093 964 pedibus
1115 892 1150 945 et

246 959 307 1025 (⁰⁰⁸-
321 957 369 1026 Τὸ)
396 978 558 1038 interaneis
587 978 619 1037 in
648 974 715 1035 cibo
742 974 830 1036 datur
858 973 976 1035 condita
1002 979 1038 1035 ut
1064 972 1148 1034 iesti-

295 1064 332 1120 io.
396 1065 479 1128 dium
511 1064 617 1145 abigat.
658 1063 827 1125 coclearum
859 1065 935 1124 cinis
961 1062 1062 1123 addito
1093 1062 1150 1122 lini

397 1157 508 1216 semine
537 1162 568 1215 et
595 1155 709 1216 urticae
733 1171 769 1214 ex
797 1151 885 1214 mede
912 1151 1049 1212 inlinitur
1077 1161 1191 1213 cum10

281 1250 368 1313 suet.
397 1244 465 1305 sele.
502 1245 587 1304 iecur
609 1243 738 1303 vulturis
763 1244 869 1303 tritum
896 1258 965 1301 cum
993 1259 1049 1302 suo
1079 1258 1148 1300 san·

397 1335 486 1413 gnine
509 1334 686 1412 propinatur
708 1338 757 1391 ter
778 1332 910 1411 septenis
934 1328 1047 1391 diebus.
1084 1346 1148 1390 me·
1172 1368 1176 1375 -

396 1422 454 1482 lius
472 1420 595 1501 prodest
615 1423 642 1482 si
659 1438 694 1480 ea
713 1422 773 1481 aris
792 1438 862 1481 cum
880 1418 1027 1480 occiditur
1045 1425 1151 1479 satura
1252 1381 1254 1536 Ι

281 1514 368 1578 32‚3⁷·
397 1512 455 1571 erit
476 1509 606 1570 humano
629 1509 780 1569 cadavere.
817 1509 858 1570 iel
884 1507 1044 1570 testudinis
1067 1508 1148 1567 nari·

263 1603 369 1665 322112.
396 1597 453 1660 bus
466 1598 584 1659 inlitum
602 1600 749 1659 iacentem
767 1599 864 1677 erigit.
891 1596 1048 1677 coagulum
1061 1594 1191 1657 vituli1⁵

396 1689 503 1749 marini
524 1686 639 1747 bibitur
666 1705 735 1748 cum
761 1686 837 1748 lacte
865 1689 974 1766 equino
1002 1691 1055 1747 aut
1076 1683 1149 1744 mali
1253 1713 1254 1720 .

295 1773 332 1831 ll·
395 1778 497 1856 punici
530 1794 602 1837 suco
630 1783 683 1838 aut
713 1774 809 1837 mulso
842 1783 934 1836 aceto.
975 1781 1149 1835 castoreum
1254 1757 1256 1832 f

395 1868 427 1926 in
450 1868 526 1928 aceti
548 1866 638 1926 mulsi
661 1864 774 1945 cyathis
796 1862 894 1925 tribus
916 1864 1025 1924 ieiunis
1048 1862 1146 1925 datur.

296 1952 332 2008 ib.
395 1956 422 2015 is
454 1956 506 2034 qui
537 1956 657 2034 saepius
684 1952 795 2015 cadunt
821 1952 962 2033 clystere
975 1950 1147 2013 infunditur

395 2041 466 2104 hoc:
489 2045 616 2104 castorei
629 2042 786 2103 draebmee
801 2042 890 2124 duae,
908 2041 1003 2103 mellis
1017 2040 1148 2124 hemina,
1161 2050 1191 2090 ²⁰

281 2140 369 2202 nono.
397 2131 456 2193 olei
482 2131 614 2212 hemina,
646 2148 739 2211 aquae
769 2133 917 2193 sextarius
939 2146 961 2192 1.
1001 2129 1147 2192 mustelae

263 2228 369 2293 28326.
397 2222 527 2282 marinae
546 2223 630 2282 iecur
648 2223 681 2281 in
694 2219 762 2281 cibo
778 2219 856 2282 bene
871 2221 1007 2282 sumitur.
1038 2237 1147 2281 carnes

397 2311 534 2389 caprinae
557 2310 680 2389 inrogo
703 2309 831 2371 bominis
853 2317 948 2371 tostae
967 2308 1047 2370 breno
1066 2327 1146 2369 mor·

297 2396 333 2452 ib.
396 2395 468 2456 bum
491 2396 652 2476 depellunt.
689 2400 802 2478 caprini
825 2397 871 2459 vel
899 2399 1010 2459 cervini
1033 2415 1147 2458 cornus

396 2487 457 2546 usti
479 2485 566 2550 nidor
589 2485 755 2550 adhibetur.
1159 2494 1190 2535 25

133 2817 136 2832 ,
199 2760 411 2832 lutilitereqoz
429 2761 573 2817 velvituli
590 2766 635 2818 ter
652 2765 712 2834 (sle)
730 2765 823 2834 udrb.
877 2764 1147 2835 asciculiguls

127 2851 177 2891 om.
199 2835 244 2890 Pl.
299 2840 316 2888 4
334 2833 444 2890 lectum
460 2849 490 2903 9:
510 2836 585 2890 -tens
599 2835 640 2890 db
654 2835 732 2903 (Pi).
757 2838 761 2902 Ι
786 2833 904 2890 moestis
921 2834 1074 2892 interaneis
1092 2851 1145 2892 one

128 2906 173 2964 ΡΙ.
228 2903 528 2975 bmbnuclbmffih
553 2909 634 2962 noeto
652 2907 697 2964 rb.
753 2905 906 2962 uvivum
922 2922 955 2976 9,
976 2906 1147 2977 Vinnrred,

126 2977 234 3034 vinetia
247 2993 263 3031 r
276 2977 439 3046 (morracio
452 2977 488 3044 b).
535 2976 824 3034 tetinternneisom.
840 2977 885 3035 Pl.
932 2976 1145 3048 10iu(l)linitur

128 3049 300 3118 onm(exr)
320 3045 803 3120 celeadrt21initu(e.l.unctu)
825 3048 990 3106 eenentPl.
1046 3055 1080 3106 lo
1099 3065 1144 3104 sn·

125 3121 191 3175 ture
207 3119 303 3190 ydrb:
322 3119 512 3190 saturatam.
568 3123 603 3172 14
621 3117 747 3174 humone.
774 3121 823 3190 cic)
841 3137 867 3190 9.
892 3122 897 3188 Ι
921 3119 1144 3176 dehumnnoc.

125 3191 265 3259 Muclus).
325 3195 358 3244 to
376 3189 490 3246 inlitum
508 3188 623 3258 (illitum
637 3191 665 3262 b)
682 3189 762 3261 φὺς·
788 3190 887 3246 'citum
905 3191 933 3248 d.
988 3196 1022 3245 16
1040 3189 1146 3247 marini

123 3260 208 3316 vituli
229 3262 256 3317 cl.
320 3265 353 3316 19
372 3261 492 3330 clystere
513 3259 699 3316 infunduntur
720 3263 824 3318 hnecr
851 3260 965 3331 (clyster
980 3260 1143 3322 infunditur

124 3331 173 3388 ille
192 3333 229 3403 b).
251 3336 257 3402 Ι
280 3329 450 3387 infunditur:
474 3347 511 3388 ec.
530 3335 687 3388 castoreum
708 3333 773 3402 (boe
795 3333 934 3403 clystere).
995 3332 1142 3389 tomellis

125 3405 154 3460 et
177 3403 233 3460 olei
255 3401 392 3460 sexuum
416 3403 445 3458 et
467 3419 557 3475 equae
583 3403 751 3460 tantundem
775 3403 820 3460 Pl.
882 3409 918 3458 24
940 3402 1144 3474 caprini—nd·

125 3473 240 3602 gibeline
256 3475 309 3548 9b:
336 3490 385 3531 orn.
409 3476 436 3531 d.
462 3476 467 3543 l
492 3473 655 3530 adhibetur:
685 3475 824 3545 (morbum
851 3473 955 3547 ipsum)
987 3473 1144 3546 depreben-
