2517 3925
548 208 769 272 ...gg-

284 386 389 449 20,128.
417 392 486 435 cum
518 374 584 451 pice
613 369 775 433 arundines
806 367 944 429 extrahit.
986 370 1169 429 nasturtium

284 474 389 539 aoaoo.
418 480 488 524 eum
518 461 584 542 pice
616 462 797 539 impositum.
842 457 938 517 farina
963 456 1018 517 lini
1044 457 1170 519 semma
1251 511 1253 516 .

418 569 488 619 cum
514 550 613 611 radice
643 548 788 609 silvestris
814 546 985 608 cucumeris
1006 563 1066 606 una
1089 548 1170 607 trita.

185 653 274 718 anus.
303 651 390 717 atat.
417 642 531 702 urticae
555 638 639 699 radix
662 639 732 698 trita
755 643 786 697 et
807 637 954 715 imposita.
990 631 1171 715 <arundinis
1251 653 1253 710 j

417 728 501 790 radix
532 730 602 789 trita'
635 734 665 787 et
696 720 855 805 imposita>
891 722 1000 785 filicem
1031 722 1198 804 extrahita
1251 719 1253 756 ³

417 820 490 879 item
517 816 602 877 tiliois
629 815 714 876 radix
741 813 846 875 eodem
874 812 962 873 modo
991 812 1172 874 anmdinem

286 919 391 982 anno.
418 904 555 967 extrahit.
591 901 676 964 radix
699 902 825 964 acrifolii
847 903 987 981 coquitur
1008 910 1039 963 et
1061 903 1174 962 teritur

286 1008 391 1071 tulta.
418 1002 450 1055 et
477 996 519 1055 sio
546 994 718 1073 imponitur.
755 990 864 1051 blattae
893 992 957 1051 sine
985 989 1115 1071 pedibus
1143 997 1175 1050 et
1251 1051 1253 1062 ,

287 1095 392 1159 aaran.
419 1084 515 1163 capite
545 1089 576 1142 et
602 1082 710 1161 pennis
736 1082 824 1141 tritae
852 1079 1028 1140 inlinuntur.
1070 1080 1175 1140 caneri

320 1176 356 1233 ab.
421 1170 577 1234 fluviatiles
599 1172 673 1230 triti.
705 1176 850 1230 testarum
869 1186 1072 1248 purpurarum
1096 1169 1174 1229 cinis
1188 1180 1213 1217 ¹⁰

223 1269 329 1335 auam.
355 1264 392 1320 ab.
422 1267 573 1323 anaceto.
610 1258 699 1319 limus
721 1275 827 1339 caprae
847 1276 883 1318 ex
901 1260 979 1319 vino.
1015 1256 1175 1336 coagulum

422 1349 645 1428 quodcumque,
666 1347 720 1408 sed
733 1348 859 1409 maxime
878 1346 1001 1427 leporiS,
1020 1346 1176 1425 compari
1251 1355 1253 1414 5

422 1435 554 1517 pondere
577 1437 656 1498 turis
678 1443 730 1496 ant
752 1438 834 1496 visci.

489 1638 562 1695 XV.
585 1638 642 1694 Ad
665 1638 860 1708 quartanas.

264 1766 266 1772 ’
307 1768 396 1832 aulo.
490 1756 585 1837 Caput
604 1756 678 1817 clavi
699 1773 758 1834 quo
778 1754 884 1833 aliquis
903 1755 934 1814 in
953 1772 1075 1815 crucem
1097 1754 1177 1817 fixus

424 1848 463 1909 sit
486 1846 621 1925 alligatur
644 1861 757 1925 panno,
783 1842 829 1903 rol
857 1849 991 1922 spartum
1014 1843 1050 1903 de
1075 1853 1217 1904 cruce.1⁵
1251 1857 1253 1904 !

234 1942 340 2008 asnaa.
358 1938 395 1992 ab.
423 1936 486 1996 limi
517 1933 622 1997 bubuli
650 1934 725 1995 cinis
753 1934 930 2012 aspergitur.
971 1934 1059 1995 urina
1088 1933 1179 2012 pueri

424 2023 591 2095 inlinuntur
609 2025 699 2103 primi
722 2023 807 2102 digiti
828 2023 861 2083 in
878 2021 1016 2083 manibus
1040 2029 1070 2082 et
1092 2021 1177 2101 pedi·

323 2115 361 2170 ab.
424 2111 490 2175 hus.
539 2111 651 2192 leporis
678 2129 731 2172 cor
758 2110 932 2190 adalligatur
959 2109 1178 2189 coagulumque
1251 2156 1253 2159 .

416 2203 491 2285 ¹eius
523 2199 636 2264 bibitur
668 2207 737 2262 ante
770 2201 996 2281 accessionem·
1017 2199 1112 2260 leonis
1145 2201 1178 2260 in

310 2301 398 2364 31198.
426 2289 493 2351 oibo
517 2289 612 2352 datur.
649 2291 767 2369 viperae
787 2296 876 2368 caput
894 2288 1043 2361 abscisum
1065 2291 1097 2349 in
1122 2288 1177 2349 lin·
1191 2298 1218 2338 2⁰
1251 2292 1253 2303 ²

310 2389 398 2452 eoae.
426 2377 505 2439 teolo
529 2377 709 2457 adalligatur.
747 2379 826 2439 muri
848 2379 914 2438 vivo
938 2376 1094 2449 rostellum
1116 2379 1178 2457 pri-
1251 2372 1253 2435 J

425 2471 507 2528 mum
536 2473 568 2527 et
594 2465 743 2527 aurio-ulae
771 2483 903 2527 summae
937 2464 1117 2529 deciduntur
1149 2472 1180 2527 et
1251 2474 1253 2505 ⁵

425 2556 456 2615 in
480 2573 585 2616 russeo
608 2572 706 2634 panno
734 2553 941 2636 adalligantur,
969 2557 1086 2634 etipse
1109 2571 1180 2615 mus
1251 2524 1253 2607 l

1251 2648 1253 2675 l

234 2737 430 2816 lharundinia
443 2760 461 2814 9
475 2745 548 2813 (nes
561 2746 601 2814 b):
620 2744 785 2800 arundinem
798 2743 825 2797 d.
862 2741 988 2798 2Farini
1000 2760 1027 2812 g.
1063 2749 1178 2797 tamn-
1251 2708 1253 2787 l

125 2867 126 2874 ,
159 2813 813 2898 dinis-imposita:addtdieuPt.:om.9drb.
846 2812 1053 2883 tmodoomg.
1081 2815 1177 2868 iacti·
1251 2800 1253 2883 l

159 2885 786 2958 ioliib:atnfoliid,<oap)riioliiinrao.9⁰.
821 2883 1064 2940 obliniunrurao.
1099 2889 1132 2938 11
1145 2901 1179 2940 ex
1251 2898 1253 2931 i

161 2959 241 3012 aceio
259 2958 353 3026 roro:
383 2974 418 3013 ex
435 2973 511 3026 aqua
530 2957 575 3013 Pl.
597 2959 601 3026 Ι
623 2955 783 3027 Quagnlum
800 2972 826 3026 g.
890 2957 932 3011 tit.
955 2955 1000 3010 Ad
1024 2958 1179 3026 quartanae
1251 2946 1253 2967 '

159 3027 251 3082 febres
270 3028 289 3082 d
307 3028 408 3098 (febres
427 3045 477 3085 orn.
496 3046 515 3098 9
532 3034 558 3082 at
575 3029 619 3083 bic
637 3034 663 3083 ct
680 3030 713 3082 ira
730 3027 809 3098 ind).
856 3032 891 3080 14
908 3043 990 3082 eruco
1004 3027 1032 3082 d.
1078 3033 1113 3081 16
1126 3026 1179 3082 bu·
1251 3024 1253 3029 '

158 3096 221 3152 buli
243 3097 297 3167 qo:
325 3097 388 3154 -lini
412 3101 439 3156 cl.
505 3105 538 3154 17
557 3099 716 3155 illiniuntur
738 3099 786 3153 do.
803 3099 808 3167 Ι
826 3097 912 3167 primi
934 3113 985 3153 orn.
1006 3097 1072 3166 Pl!
1093 3097 1180 3167 primi

160 3165 245 3238 digiti
262 3170 333 3238 qrb:
351 3169 443 3239 primo
461 3170 552 3240 digito
571 3171 598 3226 d.
658 3176 691 3225 18
710 3169 882 3240 adalligatur
899 3183 929 3239 με
952 3167 1088 3240 alligatur
1107 3169 1177 3240 db}

45 3252 49 3259 ·
161 3239 407 3310 quagnlumquog
433 3243 500 3312 (que
523 3258 574 3297 om.
598 3242 634 3309 d,
662 3256 773 3311 quoque
800 3241 836 3310 b).
899 3245 934 3294 la
957 3240 1182 3296 antecessionem

161 3311 224 3382 (cie)
238 3327 263 3381 9.
281 3312 285 3379 Ι
300 3310 391 3366 leonia
403 3313 450 3380 (ao.
465 3315 522 3383 cor)
541 3312 571 3367 in
585 3329 608 3367 o.
622 3312 706 3367 datur
718 3312 770 3382 gb:
789 3327 839 3368 om.
854 3312 880 3369 d.
932 3317 969 3366 21‘
981 3311 1118 3382 alligatur
1131 3311 1181 3366 db.

197 3413 724 3505 22n0010<oaa1ueann9n
742 3434 941 3506 praeciduntur
953 3437 998 3494 ro.
1036 3439 1070 3490 aa
1083 3449 1181 3489 maneo

161 3507 381 3648 galga-biotae
399 3508 450 3576 rb,
471 3506 559 3561 rubeo
578 3507 605 3562 d.
630 3508 636 3577 Ι
660 3506 832 3577 adalligatur
848 3524 878 3578 g,
907 3507 1080 3578 alligaturd
1107 3505 1181 3576 (alli-
