2517 3925
490 154 826 264 -193-=

98 363 224 424 derunt:
247 379 315 421 uam
337 360 415 439 apud
439 360 584 439 quosdam
603 363 769 423 tricoccum
791 363 951 443 nominari,
974 381 1010 424 ex

98 450 198 513 trihus
221 452 321 530 granis
345 466 420 528 quae
439 449 476 510 ad
499 442 620 511 seminis
638 450 774 511 subolem
796 452 908 512 retinet
928 454 1019 513 intus·

99 540 223 617 inclusa.
259 540 497 599 armterissimum
520 557 586 599 esse
604 540 721 619 mespili
744 540 875 601 fructum
894 546 926 601 ct
942 549 1010 601 ante

99 631 241 689 virtutem
260 634 367 707 gustus
388 626 531 707 ostendit,
555 627 607 688 sed
630 628 731 689 lluxus
748 631 862 690 ventris
883 630 1009 689 inmodi-

70 730 152 779 ⁵cos
174 718 337 778 fortissime
360 715 486 796 detinet,
513 716 700 777 stomachum
723 716 901 779 dissolutum
922 716 1010 779 vehe-

100 813 218 867 menter
241 805 406 884 adstringit.
443 812 514 866 sunt
537 807 589 883 qui
609 813 719 885 putent
736 814 767 866 et
787 805 927 867 dentibus
949 824 1010 867 non

100 894 206 955 leviter
229 892 401 974 subvenire,
424 896 450 955 si
472 896 503 955 in
522 892 624 955 dolore
643 894 808 955 mandatur.
845 894 914 955 lolia
937 913 1008 974 quo-

101 1001 159 1062 que
183 984 249 1043 eius
272 990 302 1043 et
325 991 427 1043 cortex
448 984 581 1062 itemque
604 982 721 1045 radices
744 989 849 1044 tunsae
872 990 903 1043 et
925 984 1009 1062 inpo-

101 1075 175 1133 sitae
194 1071 372 1150 cuicumque
391 1071 502 1131 fervori
519 1074 689 1150 tumorique
710 1067 899 1132 subveniunt.
931 1073 1010 1133 sicca

57 1175 86 1214 ιο
101 1170 131 1221 et
154 1162 225 1221 trita
253 1178 321 1221 cum
343 1158 439 1219 melle
458 1159 494 1219 ad
523 1162 693 1221 cicatricem
714 1158 823 1221 vulnus
850 1159 1010 1240 adducunt,

99 1247 206 1310 hausta
222 1264 294 1309 'cum
311 1246 392 1309 dulci
406 1247 503 1308 solent
521 1250 697 1327 sangninem
710 1247 904 1310 reicientibus
922 1267 1009 1328 opem
1077 1246 1081 1251 ’

99 1339 194 1417 serre,
226 1339 297 1398 item
325 1338 356 1398 in
384 1338 453 1397 vino
480 1338 636 1418 propinata
668 1336 807 1398 venelidis
838 1336 1024 1417 potionibus

98 1444 277 1507 repugnare.

167 1627 322 1685 mm.
353 1628 402 1682 Do
425 1624 577 1697 sisypho.

167 1745 293 1825 Zizyplra
315 1744 466 1805 modicum
485 1743 585 1805 cibum
607 1746 728 1823 corpori
751 1752 917 1824 praestant,
939 1744 1009 1805 licet

59 1834 160 1895 millis
180 1837 297 1914 ¹saporis
320 1850 381 1894 nou
399 1831 480 1895 nulla
498 1834 593 1913 gratia
601 1832 806 1893 lenocinetur.
838 1830 948 1893 habent
967 1840 1009 1892 ta·
1079 1875 1083 1884 ι

103 1940 173 1984 men
188 1922 315 2004 plurima
333 1920 529 1984 incommoda.
561 1938 649 2001 aegre
667 1927 911 2002 concoquuntur,
929 1922 1010 1982 sitim

102 2012 280 2093 accendunt,
298 2019 493 2093 praegravant
506 2009 705 2090 stomachum,
723 2009 929 2073 difficillimum
943 2009 1009 2070 red·

166 2226 277 2301 llespila
291 2232 396 2282 matura
410 2223 573 2298 digeruntur
587 2229 616 2279 et
630 2230 753 2279 ventrem
767 2231 895 2297 purgant.
917 2237 1008 2295 asper·
1028 2224 1085 2294 (tt)

73 2311 75 2316 ’
98 2314 186 2369 rimus
208 2311 236 2368 in
259 2309 378 2384 mespilis
406 2308 513 2365 fruetus
535 2307 639 2364 iluxum
661 2309 764 2364 ventris
792 2306 941 2363 fortissime
963 2305 1010 2362 de·

54 2419 83 2458 so
100 2397 187 2474 tinet,
214 2393 384 2452 stomachum
411 2391 573 2451 dissolutum
604 2392 726 2468 stringit.
762 2390 861 2448 viscida
888 2399 916 2448 et
942 2407 1009 2448 con·

98 2480 222 2538 strictiva
243 2487 308 2536 sunt
329 2480 472 2535 inmatura.

173 2687 186 2736 1
207 2697 274 2738 nam
292 2681 368 2764 opud
390 2698 417 2750 q.
435 2679 588 2735 tricoccum
605 2677 746 2733 nominari
767 2679 834 2746 pot:
861 2677 936 2747 apud
959 2695 987 2746 q.
1005 2694 1117 2746 nanque

98 2753 220 2809 tricoctn
244 2754 406 2808 nommetur
432 2751 478 2807 rt.
547 2747 710 2804 teubolem
736 2765 767 2802 o:
794 2747 922 2804 sobolem
947 2749 982 2816 pl
995 2747 1062 2817 (rb).

98 2832 116 2880 3
139 2823 362 2880 austomssimum
389 2839 451 2880 esse
477 2839 515 2876 m.
537 2820 660 2876 fructum
681 2820 747 2890 pol:
775 2819 927 2874 Amterum
952 2835 1049 2872 semen
1072 2821 1118 2873 est

98 2893 227 2966 mespili,
244 2895 368 2957 fructum
385 2895 430 2950 rt.
484 2898 503 2947 4
520 2892 570 2948 sed
586 2892 654 2961 polz
673 2890 723 2946 sed
741 2890 772 2945 et
787 2889 834 2945 rt.
850 2890 856 2958 Ι
870 2889 935 2944 tine
952 2889 985 2944 de
1004 2887 1117 2958 Mespili

96 2967 208 3024 fructus
225 2967 315 3020 fluxus
327 2984 354 3022 v.
373 2971 420 3023 etc.
458 2971 474 3021 6
488 2962 576 3020 settin
598 2963 619 3016 't
632 2962 715 3017 etiam
727 2974 774 3031 po.
789 2962 795 3028 Ι
811 2960 884 3016 Sunt
896 2978 923 3030 q.
933 2960 1034 3030 putent
1046 2963 1076 3015 et
1088 2959 1118 3015 d.

97 3039 164 3108 pol:
185 3037 256 3092 Sunt
269 3036 356 3093 ctiam
370 3055 396 3107 q.
406 3037 510 3107 putent
518 3036 545 3091 d.
555 2981 669 3100 eddom,
678 3034 706 3103 d,
719 3033 769 3088 tobi
802 3033 807 3046 '
830 3031 968 3087 Dentibus
981 3029 1038 3088 nl,
1052 3031 1117 3086 sub·

97 3108 198 3177 venit).
253 3111 427 3167 8r.tuneae
445 3108 535 3178 poids
553 3125 576 3160 r.
596 3104 754 3161 eiustnsae
773 3104 884 3171 (tunsae
901 3106 928 3172 r)
946 3103 990 3156 rt.
1042 3104 1117 3157 otu·

97 3179 227 3250 morique
240 3180 329 3249 pelei:
348 3182 379 3236 et
394 3177 499 3235 tumori
512 3179 557 3233 rt.
602 3182 635 3231 11
651 3175 741 3232 dulcit
760 3173 837 3230 dulci
848 3173 915 3230 rino
928 3174 955 3229 d.
997 3178 1031 3227 12
1045 3173 1117 3229 Item

97 3252 166 3308 vino
184 3250 311 3322 poldon
329 3249 395 3307 vinc
413 3253 483 3320 σφωε
502 3251 532 3304 et
550 3265 614 3303 cum
632 3247 699 3304 rino
716 3247 763 3302 rt.
817 3246 860 3300 tit.
878 3245 969 3316 mpla
985 3261 1016 3315 p,
1035 3243 1118 3299 ziuifa

95 3323 177 3392 οφ),
204 3323 338 3393 zynypel
364 3321 485 3392 (zizipha
503 3321 538 3390 t).
609 3325 644 3375 14
661 3318 751 3389 Ziaife
768 3320 867 3388 pou),
893 3317 1034 3398 Zyzypnl
1061 3315 1116 3383 (Zi-

97 3394 184 3465 uiphs
203 3395 239 3464 b).
265 3397 270 3463 Ι
294 3395 440 3463 praestant
456 3392 509 3448 rt:
536 3391 606 3447 -stot
627 3391 692 3461 pol.
761 3393 794 3442 15
813 3388 872 3444 illis
889 3389 940 3442 rt:
967 3387 1012 3440 ilh
1028 3386 1114 3456 poti

97 3471 136 3539 ii
148 3484 254 3626 (prpbetp
272 3500 297 3540 o.
353 3488 385 3538 ll
404 3481 561 3554 pmegnsnt
579 3478 728 3550 (pregnant
740 3479 767 3546 r)
785 3477 831 3531 rt.
847 3478 852 3547 t
868 3474 1016 3531 stomachsr
1033 3477 1119 3543 “pgra-

98 3572 156 3611 van
199 3572 239 3610 ecc
266 3572 290 3609 c.

153 3657 222 3696 rum
235 3656 330 3698 sacroru
343 3656 460 3698 monsone.
922 3641 955 3690 13
