2517 3925
564 189 806 253 -132—

352 486 470 541 XXXVI
495 486 538 543 De
556 488 655 557 thymo
675 487 720 556 (¹³).
986 506 990 512 ’

339 558 470 613 XXXVII
496 559 538 613 De
557 558 673 630 origano
691 558 727 628 (³)
742 589 776 597 —
793 557 825 613 0.
838 563 882 613 68.

323 628 470 683 XXXVIII
496 629 538 685 De
557 629 690 685 cerefolio
708 631 800 699 (deoet)
817 661 848 670 -
865 629 896 685 0.
910 634 953 683 2⁷.

311 698 469 756 XXXVIIII
495 701 679 771 Duerpyllo
698 701 789 771 (deest)
803 732 837 740 —
854 699 885 757 0.
899 707 942 755 69.

494 771 535 827 De
554 772 702 842 sisymbrio
716 773 763 841 (3).

483 843 535 899 'De
553 844 702 913 portulaca
720 845 777 911 (60)
793 872 826 882 -
843 841 932 898 0.19.

494 914 536 969 De
555 914 662 969 escaria
680 915 745 983 (21).

494 984 536 1039 De
555 986 692 1042 abrotano
712 985 768 1055 (22)
783 1016 817 1025 -
836 984 868 1039 0.
882 991 908 1041 3.

493 1056 535 1111 De
553 1073 731 1126 panagorace
750 1058 815 1127 (26).

493 1128 536 1182 De
554 1127 650 1198 ulpioo
668 1130 732 1197 (32).

419 1197 467 1253 XL
496 1198 539 1253 De
557 1199 618 1269 pito
638 1201 703 1270 (40).

405 1269 469 1323 XLI
494 1269 538 1324 De
557 1270 632 1325 malo
650 1273 770 1341 gmnato
789 1271 853 1338 (61).

390 1340 467 1395 XLII
493 1341 536 1396 De
553 1341 628 1397 malo
647 1345 712 1411 (69).
872 1381 878 1398 .

376 1410 467 1466 XLIII
494 1411 537 1467 De
556 1412 676 1481 cydonio
694 1415 759 1481 (41).

363 1482 468 1537 XLIIH
495 1482 537 1537 De
555 1484 665 1553 persico
684 1485 750 1553 (42).

492 1554 535 1609 Do
553 1553 712 1611 armeniano
731 1558 795 1625 (46).

391 1623 467 1679 XLV
493 1626 535 1681 De
554 1624 636 1680 ciIrIo
654 1630 720 1697 (44).

377 1696 468 1751 XLVI
494 1697 536 1752 De
554 1700 676 1767 pruno(
711 1699 730 1766 ).

364 1766 468 1823 XLVII
495 1767 536 1823 De
554 1768 672 1837 mespilo
692 1770 756 1837 (46).

350 1838 467 1893 XLVIII
494 1840 536 1895 De
554 1839 672 1909 zinypho
691 1841 756 1909 (46).

338 1909 468 1966 XLVIIII
495 1910 537 1967 De
556 1910 609 1966 fico
628 1912 694 1980 (49).

492 1983 534 2037 De
553 1999 608 2037 uva
626 1985 692 2052 (66).

493 2054 535 2108 De
554 2070 632 2108 moro
651 2055 716 2122 (61).

444 2125 466 2180 L
495 2124 538 2179 De
556 2125 641 2179 sorbo
659 2126 726 2193 (48).

428 2195 466 2250 LI
492 2196 534 2251 De
552 2195 656 2266 siliqua
673 2197 774 2265 (deest).

418 2267 469 2323 LII
496 2267 539 2322 De
558 2267 664 2325 carasio
682 2269 749 2336 (63).

494 2338 537 2393 De
555 2338 654 2394 tubere
672 2339 738 2408 (64).

406 2409 470 2464 LIII
496 2409 538 2464 De
556 2408 708 2479 amygdalo
727 2412 793 2479 (60).

391 2479 469 2534 Lffll
495 2480 537 2536 De
555 2479 687 2536 abellana
705 2481 762 2549 (66)
776 2511 810 2524 ·-
826 2479 858 2536 Ο.
872 2497 913 2552 sp.
931 2486 958 2536 7.

417 2551 466 2606 LV
494 2552 535 2606 De
553 2550 674 2620 pistacio
692 2553 756 2620 (68).

403 2622 467 2677 LVI
494 2622 536 2678 De
555 2624 688 2678 castanea
706 2626 771 2693 (66).

494 2693 536 2749 De
555 2693 658 2750 balano
677 2695 743 2764 (⁶⁷).

392 2765 469 2820 LVII
494 2766 536 2822 De
555 2781 625 2821 nuce
644 2767 708 2836 (69).

378 2836 469 2891 LVIII
495 2837 537 2891 De
554 2835 638 2906 pinoe
656 2839 723 2906 (62).

495 2907 536 2963 De
554 2907 714 2978 palmarum
732 2908 823 2978 pomis
839 2909 908 2978 (66).

327 3023 331 3034 .
364 2977 468 3034 LVIIII
494 2978 536 3034 De
554 2978 645 3048 myxis
665 2981 730 3049 (62).

419 3049 469 3105 LX
496 3049 537 3106 De
556 3050 758 3121 spomeIidibus
777 3051 878 3122 (deest).

551 3340 818 3351 Μ
