2517 3925
539 210 782 276 ...134-

259 379 364 441 vitium
387 376 593 457 prodiderrmt.
633 377 747 436 semine
769 375 866 436 raiani
894 394 964 437 cum
985 373 1072 436 melle
1097 374 1169 436 trito
1246 399 1248 406 v

259 475 290 529 et
324 474 443 547 sumpte
472 466 636 545 suspirium
667 466 821 543 mitigatur
850 471 881 526 et
916 466 1009 526 tussis
1041 470 1170 525 arcetur.
1246 543 1248 546 Ι

259 556 323 619 sola
347 574 415 617 cum
439 554 550 617 salibus
576 560 696 634 sumpta
718 555 832 614 ventris
855 554 991 615 animalia
1014 554 1171 632 extinguit,

258 664 400 707 venerem
428 644 575 725 stimulat,
606 645 724 703 urinam
753 643 839 724 citat,
870 644 1028 723 puerperis
1056 644 1172 721 copiam

259 735 346 797 laetis
369 734 507 813 adquirit.
1186 740 1198 780 ⁵

271 882 273 887 ,
328 819 484 903 <Baianus
518 821 627 901 quibus
660 820 751 882 rebus
784 822 823 882 sit
855 823 1005 885 centraria
1032 821 1172 882 dissimu-

258 912 320 974 lare
344 930 476 993 nequeo,
504 910 556 971 sed
580 910 680 971 refero
705 928 780 991 quae
803 910 986 990 reprehensa
1007 912 1041 971 in
1067 910 1174 971 raiano

259 1003 331 1063 scie.
364 1003 500 1081 arguitur
523 1002 604 1061 enim
627 994 707 1079 bned
728 1002 793 1061 veei
815 1008 922 1061 noceat
936 1008 966 1062 et
985 998 1174 1062 stomachum

258 1091 412 1153 inflatione
435 1090 598 1172 distendat,
627 1088 767 1151 dentibus
790 1090 881 1151 etiam
904 1092 1067 1171 centraria,
1097 1107 1173 1169 ques

259 1183 348 1243 atteri
370 1198 407 1241 ex
430 1198 465 1257 ea
488 1181 534 1241 sie
556 1178 685 1260 probant
702 1186 737 1241 ut
760 1178 841 1257 qued
863 1179 1076 1241 nitidissimum
1096 1177 1208 1241 ebur¹⁰

258 1269 343 1347 adest
370 1289 387 1331 a
414 1269 495 1331 nulia
528 1268 583 1331 alia
610 1286 644 1330 re
677 1270 771 1348 magis
805 1286 894 1348 quam
922 1270 962 1331 de
995 1269 1092 1329 raiani
1129 1286 1174 1329 ra-

167 1362 172 1371 '
259 1359 326 1420 dice
348 1354 508 1439 poliatur.)

265 1592 271 1597 ,
325 1524 370 1583 11.
393 1525 442 1581 ne
465 1494 554 1593 apro.

325 1643 393 1723 Apii
416 1661 536 1723 queque
560 1642 653 1706 calida
677 1645 722 1704 ris
741 1644 848 1706 tradita
865 1651 925 1725 est,
948 1661 1038 1724 quam
1066 1644 1105 1706 de
1129 1646 1171 1705 in·

259 1731 336 1793 dicia
364 1732 435 1793 licet
459 1732 588 1812 colligas.
626 1731 706 1793 nulla
734 1736 814 1794 enim
841 1733 897 1795 alia
920 1751 970 1795 res
992 1734 1104 1795 tertius
1128 1732 1173 1794 vei

257 1823 363 1883 urinae
386 1820 577 1883 difficultates
600 1820 722 1883 resolvit
740 1821 787 1882 vel
809 1823 989 1884 feminarum
1005 1824 1172 1885 menstruis
1185 1828 1207 1870 ¹⁵

195 1917 212 1952 *
256 1912 392 1992 imperat.
433 1909 512 1972 unde
541 1912 645 1972 mirari
672 1928 796 1973 necesse
824 1917 871 1974 est
898 1912 979 1992 qued
1006 1930 1024 1973 a
1046 1911 1172 1992 quibus-

259 1999 326 2061 dam
354 2001 490 2080 inperitis
523 1999 730 2062 indifferenter
763 2000 902 2062 adiuncta
933 2019 1026 2081 aquae
1060 2001 1172 2062 calidae

258 2087 500 2150 febricitantibus
514 2089 616 2169 detur,
636 2089 753 2169 quande
772 2107 822 2150 res
836 2089 930 2151 calida
948 2090 1079 2151 celerate
1093 2089 1172 2152 male
1246 2104 1248 2117 ²

185 2199 186 2202 ¹
260 2177 358 2240 addita
384 2179 478 2258 magis
506 2178 649 2240 accendat
676 2178 824 2239 arderem.
865 2181 924 2241 nisi
953 2178 999 2240 vel
1027 2180 1172 2241 strictura
1242 2122 1248 2241 i

258 2373 368 2450 auditus
394 2374 476 2430 tellit.
515 2375 588 2431 radix
616 2376 676 2432 eius
704 2381 825 2432 comesta
851 2377 879 2432 in
901 2375 1015 2432 lavacris
1041 2375 1171 2433 icteriees
1184 2383 1207 2424 ²⁰

258 2465 346 2516 curat.
377 2457 454 2514 radix
476 2460 504 2514 in
526 2460 588 2516 vine
612 2468 690 2519 cocta
709 2459 828 2517 calculos
850 2459 972 2535 expellit.
1006 2460 1072 2534 trita
1094 2459 1173 2516 radis

257 2542 376 2616 inposita
397 2542 497 2600 livores
521 2542 604 2600 tellit.
642 2561 726 2600 sucus
752 2544 850 2603 radicis
873 2545 932 2602 eius
954 2561 1059 2602 vermes
1081 2554 1172 2602 necat.
1246 2530 1248 2621 i

257 2633 379 2684 comesta
410 2621 461 2703 <iu
482 2635 562 2686 aceto
585 2635 613 2686 et
634 2629 716 2686 melle
742 2624 855 2706 infusa>
879 2629 1000 2688 nausiam
1027 2640 1170 2704 provocat.
1246 2624 1248 2671 Ι

258 2704 369 2787 <ipsum
392 2713 435 2768 ius
457 2713 504 2770 ubi
526 2713 648 2770 infusum
667 2713 766 2786 tuerit,
789 2717 815 2771 si
835 2713 943 2772 bibatur
963 2718 1080 2790 insuper
1102 2731 1171 2790 aqua

258 2797 359 2869 calida,
386 2797 420 2854 ad
442 2797 554 2856 acidiam
575 2806 705 2874 provocat
726 2794 889 2876 remitum.)
1183 2819 1206 2860 rs
1246 2872 1248 2921 Ι

221 3023 238 3072 3
257 3018 362 3074 salibus
379 3021 413 3088 91
432 3019 549 3087 (solibus
572 3020 613 3089 d)
637 3019 696 3074 sele
709 3021 755 3076 rb.
805 3027 867 3075 dn.
886 3019 959 3076 citat
979 3021 1048 3090 qldz
1066 3022 1098 3075 et
1115 3020 1170 3076 uri·

149 3105 216 3215 ηἲέη
229 3089 387 3216 gambciffis)
405 3091 450 3146 ab.
498 3096 513 3145 6
532 3091 576 3146 bic
593 3091 698 3177 subdet
710 3093 834 3176 punem
847 3109 882 3147 ex
899 3092 989 3148 auus
1005 3092 1171 3162 fraumenta

149 3176 241 3287 {aa
254 3202 286 3301 t.
307 3167 425 3288 aab?
449 3164 481 3288 1·
492 3165 562 3290 iiia
571 3161 729 3289 11111
738 3161 1170 3303 atrabates

199 3307 215 3356 9
234 3302 376 3359 renueris
393 3305 451 3360 eod.
470 3305 536 3373 triu
555 3321 645 3360 cerr..
714 3310 748 3361 10
774 3322 808 3360 es
826 3310 889 3361 aete
906 3322 990 3361 cera:
1009 3322 1043 3361 ee
1061 3321 1131 3360 cerr.

150 3379 182 3428 11
203 3373 322 3443 ad(?)est
339 3375 446 3430 abanet
463 3392 533 3433 cerr.
550 3377 554 3444 i
574 3377 654 3431 nula
672 3375 729 3431 alia
746 3382 811 3432 aete
823 3393 906 3434 cem
924 3377 1003 3432 nulle
1022 3375 1080 3432 alie
1098 3391 1169 3431 cerr.

150 3445 198 3516 ire
216 3447 275 3515 epse
292 3446 399 3501 addidi.
448 3454 480 3502 13
494 3447 600 3503 indicio
616 3448 709 3518 ylen:
732 3447 837 3504 iudieie
855 3449 901 3505 rb.
956 3453 989 3502 17
1009 3446 1169 3502 indifferen-

148 3517 193 3571 ter
210 3517 304 3587 ultr:
322 3533 373 3573 em.
392 3519 437 3573 rb.
455 3520 458 3583 Ι
479 3519 612 3574 adiuncta
629 3535 666 3574 ec.
684 3520 750 3574 baec
768 3537 811 3575 res
829 3535 864 3575 ex
880 3535 906 3576 c.
926 3524 969 3574 11.
1021 3525 1055 3575 18
1073 3518 1168 3574 detur:

147 3588 189 3644 sic
205 3587 239 3658 91
252 3589 320 3658 (rb).
390 3594 423 3643 19
442 3588 574 3645 strictura
592 3591 688 3660 l(rb):
716 3590 815 3647 stricta
832 3606 859 3661 9.
1246 3604 1248 3613 ·
