2517 3925
523 151 742 215 „42-

274 326 363 391 30‚86.
392 334 427 375 ex
451 317 517 376 iure
540 316 572 375 in
595 313 662 375 cibo
681 315 793 393 sumpti
814 314 923 373 ieiunis
946 311 1062 373 dantur.
1099 310 1142 372 la·

392 411 473 465 certa
493 403 595 464 viridis
614 403 737 464 decocta
754 404 785 463 in
808 402 869 462 uini
886 402 1024 461 sextariis
1042 400 1145 463 tribus

392 493 428 553 ad
443 491 581 573 cyathum
595 510 703 573 unum,
721 490 845 570 singulis
864 488 1049 551 coclearibus
1062 490 1144 569 pthi-

392 584 454 642 sico
472 581 549 643 datis
567 580 673 642 diebus
692 580 817 659 singulis
835 579 929 639 donec
948 578 1145 641 convalescat.
1219 597 1222 605 ·

292 674 330 728 ab.
392 672 569 750 propinatur
584 667 756 731 'coclearum
774 670 850 729 cinis
869 686 906 727 ex
924 669 991 728 vino
1010 676 1145 729 austero.
1160 682 1176 720 ⁵

260 770 365 834 tenso.
394 761 456 820 suis
479 758 606 820 leminae
630 758 737 830 herba
744 764 846 837 pastae
869 757 996 832 laridum
1018 759 1051 817 in
1074 756 1146 817 cibo

185 852 223 905 ib.
261 855 366 919 28,231.
394 848 489 909 datur.
518 866 623 908 carnes
641 848 740 908 asinae
760 866 797 906 ex
816 848 882 906 iure
901 853 1046 925 sumptae.
1079 847 1147 906 suis

306 942 321 977 *
394 937 456 997 fimi
483 938 559 997 cinis
582 956 619 997 ex
641 954 729 1016 passo
755 937 940 1014 propinatur.
977 934 1072 1014 adipis
1095 953 1146 995 re·

395 1027 491 1086 centis
516 1026 616 1105 pondo
634 1024 796 1104 ⁴quadrans
818 1024 996 1102 decoquitur
1023 1025 1056 1083 in
1082 1026 1148 1084 vini

396 1114 509 1193 cyathis
532 1113 643 1197 tribus,
667 1114 785 1175 additur
807 1132 843 1173 eo
861 1112 920 1173 mel
943 1114 1090 1193 optimum
1114 1122 1189 1174 et1⁰

395 1203 496 1282 pilulis
518 1204 653 1284 glutitur.

461 1405 506 1460 11.
530 1405 683 1473 syncexi.

463 1522 601 1603 Syntexis
624 1542 743 1604 quoque
762 1542 818 1585 nec
835 1522 970 1603 periculo
988 1541 1044 1583 nec
1068 1522 1145 1583 lacie
1248 1595 1250 1612 Ι

395 1612 488 1691 pthisi
510 1613 662 1674 dissimilis
681 1612 804 1673 morbus
823 1621 878 1673 est.
910 1614 959 1673 cui
982 1614 1027 1673 sie
1044 1612 1145 1672 mede-

396 1708 454 1762 tur.
491 1701 581 1763 nlicae
610 1702 708 1782 cyathi
731 1710 793 1762 tres
820 1704 852 1761 in
874 1704 956 1781 passi
981 1703 1147 1761 sextarium
1250 1763 1252 1772 ,

396 1808 489 1869 aquae
508 1793 648 1871 congium
666 1793 898 1852 commiscentur
916 1798 947 1851 et
965 1791 1077 1858 sensim
1094 1808 1145 1850 co·
1162 1802 1190 1841 15
1251 1847 1253 1858 ,

398 1887 532 1959 quuntur
542 1881 637 1941 donec
646 1899 723 1962 aqua
733 1888 934 1961 consumatur,
947 1887 1020 1939 tnnc
1031 1879 1145 1939 sullun-

397 1969 478 2030 ditur
496 1969 581 2030 lactis
599 1970 679 2031 ovilli
698 1972 845 2030 sextarius
864 1976 916 2030 ant
933 1970 1060 2050 caprini,
1084 1987 1146 2047 qno

397 2055 614 2119 subfervefacto
632 2059 666 2119 tit
687 2076 783 2139 genus
801 2057 986 2138 sorbitionis,
1009 2076 1069 2136 qna
1088 2075 1147 2137 per

397 2163 428 2206 se
447 2147 552 2225 primis
571 2147 677 2209 diebus
696 2149 859 2209 curationis
877 2152 1023 2227 utuntur,'
1039 2164 1146 2226 proce-

396 2234 535 2296 dentibus
550 2236 655 2297 diebus
670 2245 700 2298 et
713 2236 773 2297 mel
786 2236 925 2297 adiciunt.
953 2235 1147 2296 utilissimum
1161 2250 1190 2289 20

396 2331 503 2401 putant
526 2343 578 2385 eos
601 2327 633 2385 in
657 2343 732 2404 aqua
754 2327 867 2384 marina
890 2325 988 2385 lavari.

469 2523 762 2582 111.1scuieniois.
788 2561 790 2565 .

282 2650 369 2716 30‚54.
466 2639 580 2703 Vermis
604 2651 744 2705 terrenus
766 2645 906 2706 effoditur
929 2652 959 2707 et
981 2645 1146 2724 imponitur

396 2731 427 2789 in
451 2731 584 2792 catillum
605 2732 736 2812 ligneum
759 2734 863 2795 lissum
881 2735 962 2794 lerro
985 2732 1146 2813 alligatum,

202 2941 217 2990 3
232 2935 355 3006 pthisico
369 2937 447 3006 9(b):
466 2936 575 2992 thisicis
589 2940 619 2993 ds
666 2945 684 2994 4
698 2939 785 2995 dctis:
804 2941 844 2995 sic
856 2941 906 3010 qd.
927 2945 932 3009 ι
953 2939 1145 2995 convalescet:

128 3006 171 3060 sic
188 3007 238 3075 yd.
311 3005 552 3079 beoclearinmp
575 3012 660 3079 (unm
682 3012 719 3080 d).
793 3011 931 3067 therbao
949 3016 1013 3067 aare
1031 3027 1101 3066 corr.
1118 3027 1144 3079 p.

134 3075 665 3160 lpostelaridump:anm(b)parte
682 3081 757 3137 lardi
774 3083 800 3137 d.
852 3079 1147 3151 insinnep:osinid
1183 3117 1186 3120 -

130 3150 266 3224 (unumne
282 3147 348 3216 Pb).
368 3151 373 3218 l
392 3153 511 3218 prosunt
524 3151 588 3206 aaa.
603 3170 625 3207 r.
677 3159 693 3206 9
707 3154 801 3221 pondo
820 3154 961 3223 quadrans
973 3155 1028 3222 pol:
1045 3151 1146 3207 undae

126 3220 187 3273 tres
205 3236 227 3273 r.
242 3289 248 3301 ι
297 3220 338 3302 tit.
358 3217 480 3275 Sintexis
497 3223 639 3292 percussio
658 3223 705 3292 (cf.
724 3226 781 3279 inci.
801 3227 872 3295 cap.)
889 3242 920 3295 p,
938 3225 980 3278 De
998 3221 1100 3278 sintexi
1117 3223 1145 3278 d.

167 3294 199 3342 12
220 3287 341 3344 Sintens
359 3291 412 3345 d..
454 3298 487 3346 13
507 3292 553 3348 cui
570 3294 698 3349 medetur
715 3295 756 3349 sic
774 3297 802 3352 d.
869 3301 903 3350 14
921 3295 1011 3350 alicae
1028 3312 1045 3350 r
1063 3295 1146 3364 (Pl.):

129 3358 257 3416 Hillacae
274 3377 306 3431 p,
323 3361 459 3431 Hyllacee
477 3365 504 3420 ol.
587 3370 620 3418 15
640 3367 670 3420 et
688 3382 777 3434 nqueo
796 3365 924 3422 sextariis
945 3386 984 3421 vr.
1006 3383 1029 3421 r.
1059 3368 1064 3431 1
1093 3365 1146 3420 mi·

27 3473 29 3484 .
128 3432 243 3486 arentur
261 3434 287 3489 d.
314 3433 318 3502 Ι
343 3433 446 3488 senaim
461 3451 515 3502 om.
534 3436 560 3490 d.
625 3442 658 3490 16
678 3439 886 3493 consummatur
903 3440 931 3494 d.
999 3444 1034 3492 20
1052 3435 1146 3493 Utilli·

28 3543 29 3546 *
128 3519 208 3557 mum
221 3519 246 3572 p.
284 3509 317 3558 21
332 3506 483 3575 putaturd.
521 3507 562 3562 tit.
579 3505 793 3577 Sciaticisp,Do
807 3509 901 3564 scintis
915 3507 1031 3580 adanu
1039 3509 1144 3580 tadu).
