2517 3925
480 229 722 294 —139-

154 430 194 487 V.
222 432 272 486 De
294 431 418 487 melre.
672 466 681 484 ι
781 498 784 504 ,
1033 444 1079 500 Pt.

154 548 277 611 Malvam
311 550 463 614 molliendi
496 554 735 636 dissolvendique
763 560 901 617 naturam
933 522 1098 619 esse20’84‘

86 642 224 701 sortitam
242 658 349 718 graeco
369 641 512 703 vocabulo
535 643 605 705 licet
625 644 738 707 credas.
766 664 836 707 nam
853 662 918 708 usto
937 666 1000 709 του

84 730 270 809 paludosis
292 728 439 791 malaches
454 750 563 793 nomen
578 736 701 814 accepit.
729 737 893 796 interaneis
913 737 999 797 item·

85 836 145 897 que
166 819 282 879 vesicae
307 828 434 897 prosunt
456 822 487 881 in
511 820 577 882 cibo
602 831 746 902 sumptae.
783 826 856 885 item
879 824 999 886 adseve-

60 914 155 968 ⁵rant
171 906 296 967 vulnera
314 910 447 969 recentia
470 909 548 971 loliis
567 910 730 973 malvarum
748 914 880 994 itemque
900 913 999 976 salicis

85 995 176 1056 simul
189 998 270 1058 tritis
288 996 324 1058 ad
344 1000 500 1059 sanitatem
514 1018 609 1080 usque
629 1002 769 1081 perduci,
782 1002 889 1064 melius
909 1005 998 1063 etiam

84 1086 221 1165 quamvis
241 1086 401 1165 emplastro
421 1090 580 1150 nominato.
617 1091 690 1150 item
709 1090 887 1152 addiderunt
905 1092 998 1152 malva

84 1192 152 1235 cum
177 1176 304 1253 axungia
326 1184 426 1237 vetere
449 1176 653 1256 pulcherrime
681 1186 872 1257 quassaturas
894 1181 997 1241 foveri.
1042 1186 1059 1219 *

82 1263 168 1324 radix
181 1266 273 1325 senius
287 1264 380 1325 cardis
393 1265 511 1328 admota
524 1267 608 1332 denti
626 1267 711 1348 pellit
725 1268 867 1330 dolorem.
895 1267 999 1329 eadem

48 1363 72 1403 10
84 1352 327 1433 femorialligata
348 1354 480 1416 stimulat
494 1375 643 1418 venerem.
676 1357 779 1418 eadem
794 1360 894 1437 nigrae
913 1358 997 1419 lanae

83 1441 225 1503 obvoluta
240 1450 270 1503 et
283 1442 393 1522 illigata
407 1462 602 1507 mammarum
615 1448 686 1508 vitia
700 1449 872 1527 compescit.
900 1446 998 1527 Olym·

83 1534 147 1611 pias
171 1530 313 1592 Thebana
336 1531 484 1594 abortivas
506 1542 591 1614 putat
610 1554 677 1598 esse
695 1536 805 1597 malvas
824 1555 894 1598 cum
912 1537 998 1617 adipe

85 1623 203 1682 anseris
225 1620 349 1700 genitali
371 1625 450 1701 parti
473 1623 631 1686 subiectas.

72 1736 81 1751 ·
152 1707 260 1792 <Sunt
286 1718 316 1772 et
338 1710 394 1771 alia
418 1730 493 1792 quae
517 1716 548 1773 iu
571 1713 675 1775 malvis
702 1732 763 1775 uon
786 1717 928 1776 inmerito
951 1733 997 1775 re·
1030 1744 1067 1797 D·

48 1810 71 1850 1⁵
83 1798 233 1879 prehensa
262 1794 353 1879 sint>
392 1799 511 1863 Sextius
539 1802 630 1881 Niger
659 1812 689 1864 et
717 1802 906 1866 Dioscorides
936 1811 995 1863 sto·
1006 1820 1094 1882 2144.

84 1888 189 1951 macho
218 1888 340 1951 inutiles
368 1888 559 1952 arbitrantur.
596 1891 787 1954 Dioscorides
815 1898 845 1952 et
868 1890 997 1952 Galenus
1016 1902 1080 1957 Gai.

84 1981 282 2042 criminantur
299 1981 332 2040 in
350 1979 456 2042 malvis
479 1981 558 2061 quod
577 2000 687 2062 corpus
705 1983 826 2042 minime
846 1981 925 2042 alant
943 1980 1104 2042 10111629·

84 2070 176 2130 citato
198 2069 284 2149 lapsu
306 2087 361 2148 per
384 2077 516 2130 meatum
538 2073 651 2132 ventris
674 2078 840 2149 erumpant.

149 2157 205 2220 Est
233 2166 265 2218 et
297 2160 423 2236 agrestis
450 2157 543 2220 malva
575 2160 708 2220 fortioris
736 2161 876 2240 etiectus,
909 2176 999 2238 quam

155 2391 170 2438 1
198 2385 248 2439 icoc
274 2401 368 2439 oerum
394 2385 509 2439 initium
534 2384 622 2438 statui
644 2385 702 2439 coil.
727 2385 775 2440 alt.
794 2385 858 2454 epit.
882 2389 907 2439 et
929 2385 967 2451 fr.
985 2395 1026 2435 ιιι
1046 2385 1104 2439 cod.

83 2453 112 2511 S.
122 2455 197 2510 Gall.
208 2461 260 2510 '162
275 2456 391 2524 (Acecd.
404 2467 436 2515 11,
453 2457 523 2520 129).
567 2461 583 2510 2
598 2455 673 2510 Nem
688 2455 909 2524 epotumslassin
922 2455 1105 2526 mel<s)ches

83 2527 110 2594 (a
123 2528 156 2582 in
165 2541 222 2582 ros.
232 2529 259 2596 y)
272 2543 325 2598 po,
339 2543 405 2582 uam
420 2521 712 2586 duororuttudcu
726 2521 883 2588 Mauorte(
896 2529 906 2582 i
919 2527 1022 2597 (Nema
1034 2528 1105 2597 potu

82 2597 205 2652 melosui
219 2614 269 2652 seu
281 2598 425 2653 melaches
438 2615 462 2664 r,
481 2599 556 2654 Nem
570 2593 628 2652 sind
644 2599 694 2653 τοῦ
710 2594 864 2669 μαλάσσειν
877 2599 913 2668 b).
950 2604 968 2652 4
981 2598 1104 2652 resistes

82 2668 226 2725 brassicae
244 2669 454 2739 (!)rb.i1dem
471 2672 525 2739 pol
542 2670 615 2738 (Ass.
635 2669 779 2738 itemst).
833 2675 848 2724 ’t
868 2668 1104 2750 nominato-(pre-

81 2740 163 2796 tiosis
183 2739 264 2810 Odc):
283 2739 429 2795 nominate
446 2741 507 2810 (stc)
525 2742 580 2810 pol
598 2741 711 2809 (Melius
729 2741 804 2795 enim
817 2741 999 2810 emplastrum
1017 2739 1106 2794 sidem
1177 2761 1180 2767 ¹

83 2828 147 2866 eam
167 2811 300 2868 addidere
318 2817 365 2867 stc.
383 2813 440 2877 cb).
456 2813 461 2880 Ι
477 2811 555 2867 ldem
572 2813 627 2881 901
646 2811 744 2879 (iidem
761 2813 817 2878 rb).
873 2816 907 2864 10
924 2809 955 2864 in
974 2826 1104 2864 venerem

82 2885 120 2938 oi.
138 2885 143 2952 Ι
158 2883 258 2954 nigrae
272 2883 354 2938 lesse
368 2883 503 2939 obvolute
519 2899 571 2953 90,
590 2881 670 2952 nigra
683 2882 748 2936 lane
760 2881 889 2936 involuto
902 2881 926 2934 l:
945 2879 1027 2961 nigre
1038 2879 1106 2934 lans

83 2955 221 3011 obvoluta
238 2955 284 3016 rt.
335 2960 367 3009 11
388 2957 418 3010 st
434 2955 548 3025 illigata
562 2953 621 3022 (iul.
635 2955 672 3021 o.)
689 2969 741 3022 pos
760 2969 810 3007 mn.
830 2954 840 3005 1
858 2951 899 3019 (et
912 2951 1033 3033 alligate
1045 2952 1103 3019 cb).

85 3025 261 3108 [compescit
273 3027 345 3095 pot:
365 3025 526 3095 comprimit
540 3027 550 3080 i
568 3023 754 3094 (concupiscit
766 3026 801 3092 r).
822 3024 826 3090 Ι
848 3021 1105 3106 Olympias-sub-

82 3098 185 3166 rectas,
204 3097 301 3152 deinde
316 3095 645 3152 Sextius-arbitrentur
657 3097 690 3150 iu
703 3095 847 3164 pampo
861 3093 981 3162 capituli
994 3099 1107 3163 peccet

83 3169 246 3224 occidente
268 3167 391 3222 Molvsm
414 3167 632 3223 molliendi...
661 3181 708 3236 epo
731 3165 906 3232 transposui,
934 3165 1106 3234 tatetpcsits's

81 3240 198 3308 temper
209 3239 310 3308 primis
322 3240 398 3294 tertii
410 3239 560 3308 frequenti
572 3238 662 3292 cubis
674 3254 708 3292 sc
721 3238 779 3292 cod.
793 3235 823 3291 S.
834 3235 908 3291 Gatt.
918 3240 971 3291 762
990 3236 1104 3306 (Acccd.

83 3313 204 3378 rn128).
260 3315 293 3363 15
312 3309 424 3364 Sextius
443 3309 511 3378 (Pl.)
530 3309 579 3364 rb:
607 3309 707 3364 Sextus
724 3310 778 3377 pul
796 3305 891 3374 (odo),
915 3305 1049 3362 Sextilius
1066 3308 1104 3375 fr.

83 3381 141 3436 cod.
161 3379 285 3437 edati.
305 3387 366 3437 162.
386 3385 389 3448 Ι
415 3382 445 3436 et
462 3379 635 3435 dioscorides
658 3395 709 3436 om.
727 3379 764 3444 fr.
783 3377 813 3433 S.
832 3377 906 3434 Gaii.
925 3393 987 3432 eum
1006 3378 1105 3433 Plinio

82 3455 146 3520 (cet.
166 3452 202 3519 cf.
222 3451 314 3508 Diosc.
334 3458 414 3521 2,144
437 3445 674 3521 κακοστόμαχος).
705 3450 778 3504 idem
798 3465 863 3504 mos
884 3449 1044 3504 arbitretur.
1078 3519 1084 3531 ι

83 3528 118 3580 16
141 3522 321 3582 Dioscorides
343 3528 389 3579 ete.
413 3525 479 3578 isoes
496 3527 563 3591 post
587 3520 742 3591 compescit
764 3522 865 3588 (0.11)
892 3523 1045 3587 macutus
1071 3535 1105 3574 m

81 3595 161 3654 codd.
178 3597 183 3668 1
200 3593 316 3666 galenus
334 3611 363 3663 c,
382 3593 509 3664 golieuus
526 3610 573 3664 pr.
629 3596 663 3647 18
681 3594 790 3647 mestus
807 3593 844 3658 fr.
860 3589 890 3644 S.
904 3589 938 3643 G.
