2517 3925
493 186 744 253 -67-·

94 351 186 431 pedes
209 350 345 411 inlinitus
368 358 459 409 sanat.
496 352 661 429 tegumenti
684 350 844 411 testudinis
871 365 959 428 3234.
1073 342 1078 347 ⁵

95 442 170 500 einis
193 458 229 509 eu
253 442 322 499 vino
346 445 376 498 et
404 438 468 497 oleo
493 446 675 519 temperatus
698 439 844 501 medetur.

94 530 184 608 adeps
200 529 330 589 ursinus
354 526 451 587 addito
475 526 603 588 alumine
627 545 730 588 omnes
754 530 844 589 rimas
872 540 978 605 aanor.

95 620 192 678 sarcit.

8 830 10 943 Ι
162 822 268 883 XXV.
293 824 406 882 clavis
430 829 465 881 et
487 822 591 881 calin.

8 944 9 957 ¹
66 961 79 1000 a
159 946 341 1023 Plerumque
379 942 504 1023 pedibus
540 946 737 1006 innascuntur
769 942 844 1002 clavi

92 1041 144 1096 aut
168 1034 248 1115 calli,
276 1036 435 1113 praecipue
459 1041 558 1094 tamen
577 1034 611 1101 in
636 1031 735 1109 digitis
760 1039 790 1091 et
812 1032 844 1090 in

92 1122 244 1203 manibus,
273 1120 449 1200 quibusdam
477 1136 546 1180 vero
575 1128 605 1181 et
632 1122 663 1179 in
691 1118 755 1179 aliis
779 1136 844 1178 cor·

91 1214 176 1291 poris
198 1208 343 1289 partibus,
380 1210 522 1269 adversus
547 1227 620 1287 quos
641 1213 845 1269 monstrantur

91 1299 226 1361 remedia
249 1298 326 1359 talia.

51 1405 78 1443 ιο
160 1387 253 1448 Urina
279 1386 353 1447 muli
375 1386 508 1446 mulaeve
536 1404 605 1447 oum
627 1405 682 1446 suo
710 1386 773 1445 luto
799 1386 844 1445 in·
872 1393 960 1458 toto.

89 1478 177 1537 linita
200 1474 287 1535 tollit.
323 1475 410 1535 timus
429 1477 529 1535 ovium
551 1476 723 1553 imponitur.
760 1476 845 1533 iecur
871 1474 909 1529 st.
944 1472 981 1527 ia.

89 1566 221 1625 lacertae
253 1563 356 1623 viridis
389 1562 434 1622 vel
466 1564 587 1641 sanguis
623 1564 781 1642 impositus
813 1564 844 1621 iu

89 1653 186 1713 llooco
219 1650 365 1712 medetur.
406 1668 523 1711 vermes
555 1653 669 1712 terreni
701 1669 738 1710 ex
769 1650 843 1709 oleo.
907 1649 945 1705 io.

89 1742 181 1801 fimus
222 1738 411 1800 columbinus
447 1738 590 1800 decoctus
627 1757 664 1799 ex
696 1746 781 1797 aceto
813 1740 844 1797 in
907 1738 945 1792 ib.

51 1844 75 1883 15
90 1830 214 1889 modum
255 1826 439 1905 malagmatis
484 1826 626 1888 subactus
671 1827 844 1904 imponitur.

90 1920 181 1980 limus
218 1918 283 1996 apri
316 1916 361 1976 vel
399 1917 461 1977 suis
494 1933 601 1976 recens
629 1915 787 1995 impositus
815 1921 846 1975 et
874 1922 978 1988 28922.

89 2015 162 2087 post
195 2006 274 2066 diem
307 2007 430 2066 tertium
463 2005 578 2066 solutus
605 2003 738 2083 prodest.
780 2001 846 2062 laba
918 2007 933 2040 *

89 2100 121 2157 in
158 2113 216 2174 qua
247 2092 325 2154 laser
358 2099 494 2154 servatur
525 2095 557 2152 in
586 2100 671 2154 aceto
698 2093 789 2152 missa
816 2098 847 2150 et

91 2184 256 2245 tumefacta
298 2189 329 2242 et
368 2185 410 2242 ita
447 2178 571 2261 alligata.
632 2183 658 2240 si
698 2181 730 2238 in
771 2179 845 2238 laoie
920 2183 936 2216 *

166 2431 180 2478 1
195 2421 345 2506 tegimenti
360 2423 406 2478 Pl.
420 2421 616 2493 (tegmentir):
631 2420 831 2489 Tumumenlri(
851 2420 881 2489 ⁸)
894 2436 925 2489 9,
939 2420 1072 2476 Tumenti
1083 2422 1115 2477 d..

90 2496 94 2566 l
113 2491 290 2550 testitudinis
314 2495 374 2564 (sie)
397 2510 422 2564 9.
496 2500 511 2547 3
531 2494 642 2548 ursinus
662 2492 706 2547 Pl.
730 2492 834 2561 (More.
853 2508 885 2561 p.
903 2493 980 2561 236):
1008 2493 1117 2547 anseri·

87 2583 145 2647 nus
159 2565 268 2689 pauni..
293 2570 311 2618 4
325 2564 457 2634 sarmtpr
471 2565 512 2633 (11,
523 2570 556 2618 51
572 2580 633 2618 eom
648 2563 718 2646 Pap:
737 2563 819 2617 senat
831 2562 857 2617 d.
894 2563 936 2617 tit.
949 2561 1116 2618 xxvala«

87 2653 135 2691 vro
156 2637 185 2689 et
203 2651 218 2688 c
247 2635 283 2689 ha
301 2651 333 2705 9,
351 2635 395 2690 Ad
414 2635 509 2690 clavos
527 2636 556 2690 et
574 2634 661 2690 calles
680 2635 739 2703 (see)
758 2634 785 2688 el.
845 2633 929 2688 thoe
945 2638 1032 2690 totum
1049 2649 1110 2704 cop.

88 2758 143 2798 mn.
158 2758 175 2796 r
193 2742 283 2811 (aeae
301 2741 317 2795 a
335 2760 367 2807 11,
383 2743 437 2812 aa).
468 2786 470 2793 .
489 2748 521 2796 10
535 2725 666 2827 mutulo
679 2757 710 2810 9,
728 2739 885 2794 maroveo.
923 2745 955 2794 11
969 2738 1050 2794 cauae
1061 2739 1109 2808 pa:

91 2847 227 2902 emendat
236 2847 263 2902 d.
302 2851 334 2900 la
346 2846 391 2900 vel
401 2845 515 2916 ianguis
523 2863 554 2916 p:
573 2849 586 2898 l
600 2845 614 2901 l
621 2846 750 2918 sssslssslsll
759 2844 857 2914 ipolrr'
872 2845 922 2914 (aie
936 2843 1072 2912 canoras.)
1081 2844 1110 2914 d,

88 2972 141 3026 ubi
153 2971 187 3024 in
200 2970 296 3037 infimo
309 2986 395 3040 marg.
409 2971 468 3024 sina
481 2976 548 3025 noto
561 2970 693 3025 serabitur
707 2949 772 3040 lag‘l
783 2966 936 3039 (sanguinis
950 2967 986 3037 b).
1028 2973 1061 3022 13
1079 2967 1111 3024 in

87 3042 192 3098 flocco:
207 3040 237 3094 in
246 3041 343 3101 lanula
353 3040 445 3097 More.
451 3057 482 3109 9.
493 3047 554 3110 233,
564 3043 610 3096 sed
619 3042 654 3108 ef.
665 3046 725 3096 23⁷.
743 3043 747 3109 1
763 3040 887 3095 inllocco
897 3037 1025 3093 medetur
1034 3040 1065 3095 d:
1079 3039 1111 3095 in

88 3113 151 3168 sole
171 3113 225 3181 (pm
245 3112 328 3182 salet)
348 3111 510 3167 comedetur
528 3113 552 3166 b.
614 3118 648 3165 14
667 3129 701 3166 ex
719 3128 761 3166 oc.
776 3111 906 3166 decoctus
919 3111 946 3165 d.
973 3111 977 3178 l
1001 3109 1032 3164 in
1050 3127 1111 3166 mo·

87 3183 158 3237 dum
181 3201 219 3237 m.
239 3183 371 3237 subactus
394 3199 444 3238 one.
464 3182 509 3239 Pl.
583 3189 616 3236 16
640 3182 702 3251 apri
723 3182 762 3251 9ὺ
787 3180 844 3250 (Pl.
865 3181 958 3238 More.
977 3198 1008 3249 9.
1032 3187 1111 3251 233):

88 3252 268 3308 columbinus
283 3255 302 3307 cl
317 3254 376 3322 (qni
392 3253 457 3308 haee
474 3253 553 3308 tabet
567 3257 630 3308 onte
643 3254 791 3308 rentecliaon
803 3252 863 3320 fimi
875 3252 1025 3306 columbini
1037 3253 1112 3322 quod

86 3341 185 3379 revera
204 3325 359 3392 praeeedit,
382 3324 452 3379 mole
469 3326 594 3393 primum
616 3324 790 3389 tramitem,
816 3339 880 3379 mox
897 3327 1018 3391 repeteres
1040 3336 1112 3392 quoe

87 3396 239 3464 omiserat).
292 3399 325 3448 18
350 3397 382 3449 de
401 3396 486 3450 lacere
503 3395 538 3464 cf.
559 3396 637 3451 Plio.
657 3399 826 3461 annotant.
864 3399 897 3448 19
916 3393 1107 3448 tumefactae

88 3467 163 3536 (M):
201 3465 359 3519 tumefacta
386 3465 454 3536 (sie)
480 3482 511 3535 9,
547 3465 690 3535 tepefacta.
721 3466 748 3520 d.
774 3469 779 3534 ι
803 3463 873 3520 mire
904 3463 1018 3532 prodeat
1044 3463 1109 3517 odet.

89 3537 186 3591 Mare.
201 3553 231 3604 p.
252 3541 313 3589 237.

912 3619 950 3674 5*
