2517 3925
486 135 798 211 -oo-'·

86 305 212 385 pecudis
231 304 386 368 combusta
404 308 474 369 trita
489 326 525 367 ex
539 325 615 387 equa
634 309 748 389 frigide.
771 329 835 372 mu·
899 314 937 369 u.

87 394 182 455 lerum
204 394 334 473 ungulae
358 397 441 457 cinis.
469 396 603 459 dentium
623 397 837 470 cabullinornm
899 402 935 457 et.

87 490 225 544 tusorum
251 483 347 545 lerina
373 486 564 564 inspergitur.
603 487 756 549 ulceribus
782 490 835 549 im·
864 498 969 562 eonor.

86 573 208 651 ponitur
227 590 297 633 cum
318 572 404 633 melle
424 592 568 655 oesypum
589 584 619 637 et
637 576 753 656 plumbi
772 596 835 638 sco·

62 658 148 721 thee.
188 663 340 723 muricum
367 661 413 722 vel
442 681 645 743 purpurarum
677 684 747 727 cum
773 669 836 727 suis
863 677 970 741 euros.

86 751 172 810 testis
186 757 217 811 et
231 768 322 811 cerne
337 750 560 813 combustarum
568 755 643 815 cinis
657 773 726 815 cum
739 755 835 817 melle.

13 838 14 921 l
87 837 286 900 carbunculos
317 857 422 901 eorum
449 840 624 904 salsamenta
653 862 722 905 cum
749 844 834 906 melle
897 846 934 901 ib.

87 935 171 987 cocto
181 930 371 1008 restringunt
381 929 582 1009 singulariter;
603 931 763 993 cerebrum
771 935 837 1012 apri
863 943 969 1007 tutte.

85 1015 132 1075 vel
155 1018 227 1077 suis.
266 1024 349 1078 sanat
372 1036 406 1080 ca
429 1036 505 1098 quae
528 1029 654 1101 serpunt
677 1020 717 1081 iel
739 1020 834 1082 bulm-
864 1030 970 1096 28‚214.

51 1102 161 1166 ulum:
194 1124 264 1167 oum
293 1104 421 1169 alumine
449 1111 583 1189 aegyptio
612 1128 646 1170 ac
673 1128 772 1189 myrra
799 1109 836 1171 ul

86 1195 318 1257 crassitudinem
331 1195 431 1257 ,mellis
446 1196 602 1259 subactum
620 1198 764 1259 inlinitur.
791 1200 835 1258 in·
898 1200 936 1256 ib.

87 1300 178 1363 super
206 1282 276 1344 beta
304 1291 388 1345 cocta
411 1303 447 1345 ex
469 1288 538 1347 rino
565 1289 637 1348 trita
664 1288 835 1368 imponitur.

156 1448 231 1505 XX.
256 1449 437 1507 resticulis
460 1453 495 1508 et
516 1452 711 1510 rumicibue.

153 1565 247 1628 Holus
276 1586 345 1629 cum
368 1569 434 1629 laba
461 1578 546 1631 cocta
569 1573 672 1649 aequis
701 1568 836 1651 partibus
864 1580 951 1645 tutte.

84 1654 183 1718 dolori
200 1659 369 1736 apponitur.
405 1658 488 1719 bulbi
510 1662 575 1719 triti
593 1678 629 1720 ex
652 1662 720 1720 vino
739 1660 836 1720 mulso
864 1670 970 1733 20‚104.

49 1758 71 1798 1⁵
84 1744 195 1805 inliniti
217 1745 384 1807 medentur.
421 1754 519 1808 rutam
540 1765 610 1808 cum
628 1750 742 1808 teneris
760 1747 838 1807 lauri
864 1758 968 1821 tulit.

85 1834 177 1893 rumis
208 1836 368 1895 contritam
394 1838 506 1897 tumori
536 1838 703 1916 imponunt
746 1837 835 1914 cymi·
864 1846 970 1909 tutor.

84 1940 160 1984 num
181 1929 295 1984 tostum
318 1926 481 2004 contritum
508 1943 577 1986 cum
604 1942 673 1986 cera
697 1932 727 1986 et
749 1924 835 1985 melle

84 2019 137 2073 aut
160 2014 285 2074 rosaoio.
319 2013 413 2074 lerina
436 2013 488 2076 lini
507 2016 628 2076 seminis
648 2033 717 2076 cum
736 2016 836 2074 resine
864 2024 970 2087 20,251.

13 2137 14 2142 κ
84 2109 115 2161 et
148 2119 248 2180 myrra
281 2110 385 2162 contra
416 2101 557 2164 dolorem.
604 2102 671 2164 laba
703 2105 735 2163 in
766 2104 835 2163 vino
864 2113 970 2176 septo.

13 2217 14 2226 .
47 2203 71 2244 u
85 2196 172 2250 cocto
199 2196 229 2250 ct
257 2193 385 2252 contrita
412 2191 571 2273 inflationi,
599 2192 668 2253 beta
695 2210 733 2252 ex
760 2209 836 2269 aqua
907 2193 924 2228 *

83 2280 251 2358 imponitur
283 2285 334 2339 aut
364 2280 460 2342 melle.
507 2280 544 2341 ad
574 2281 655 2342 idem
682 2280 748 2340 faex
775 2281 836 2340 vini
864 2291 951 2354 tete.

13 2419 14 2422 ,
85 2364 153 2443 [aut
177 2365 242 2428 laba
261 2386 298 2428 ex
320 2367 403 2446 rino]
426 2368 571 2436 inlinitur.
608 2371 745 2449 cupressi
767 2366 836 2428 lolio
864 2378 951 2443 etit.

158 2634 177 2681 4
195 2643 331 2698 oesypum
355 2628 411 2696 (Pl.
430 2630 480 2684 ubi
498 2627 605 2698 osipum
623 2628 665 2682 R¹
685 2644 819 2710 oesopum
836 2626 900 2696 R'):
923 2642 1044 2696 ysopum
1061 2626 1107 2697 pol

84 2697 210 2768 (isopum
227 2701 262 2769 r).
288 2701 293 2768 Ι
318 2701 428 2756 scobes:
447 2701 530 2755 scobe
549 2700 607 2770 (sio)
626 2698 853 2769 pollutorum.
873 2697 962 2752 scoria
978 2715 1002 2766 r,
1022 2714 1105 2766 squa-

83 2785 148 2826 mae
169 2769 235 2838 Pe).
285 2777 403 2826 toarni
422 2771 448 2826 d.
486 2769 748 2842 tcerbnncu(lus>
765 2771 798 2825 iu
815 2784 871 2825 ros.
889 2784 919 2838 p,
938 2769 980 2822 ita
996 2768 1105 2837 quidem

84 2845 118 2896 ut
133 2857 168 2894 ecc
182 2842 271 2895 altera
285 2847 440 2896 correctura
453 2842 496 2896 lus
510 2847 646 2896 mutatum
658 2843 695 2896 sit
708 2843 740 2894 iu
753 2841 802 2896 los.
841 2846 857 2895 8
875 2838 1047 2908 restringunt
1063 2839 1106 2908 pri

85 2910 279 2982 (confringunt
300 2913 351 2979 rb,
380 2912 576 2982 constringunt
600 2913 666 2983 bet:
697 2910 856 2982 restingunt
884 2910 929 2964 Pl.
1007 2914 1023 2962 9
1046 2909 1106 2964 suis

84 2983 169 3038 sanct
186 2987 235 3038 eto.
265 2984 435 3053 couiwuquut
457 2985 518 3052 ρῶν
541 2984 597 3054 (sed
620 2985 655 3051 cf.
676 2983 721 3040 Pl.
739 2987 765 3038 et
783 2983 876 3038 Marc.
891 2998 923 3050 p.
942 2981 1019 3050 230),
1043 2997 1105 3034 cum

85 3055 263 3124 dietiupuaut
281 3059 345 3110 oute
362 3055 420 3110 Fel.
439 3054 504 3110 bob.
561 3060 593 3109 11
613 3055 761 3110 subactum
779 3054 920 3121 (exectum
937 3054 964 3121 r)
982 3049 1106 3108 illinitur

86 3144 136 3198 rb:
155 3143 276 3202 subactu
293 3142 422 3199 inlinitur
439 3159 470 3213 9,
490 3144 608 3199 subactu
625 3141 733 3198 illiniut
750 3143 776 3197 d.
813 3142 855 3196 tit.
874 3161 942 3198 xm.
957 3142 989 3196 Τ.
1003 3141 1061 3196 etr
1078 3157 1107 3210 q,

85 3214 131 3268 Ad
148 3214 297 3270 testiculos
315 3218 345 3271 et
362 3213 480 3270 rumices
498 3216 525 3270 d.
598 3221 633 3272 18
652 3216 702 3269 eut
721 3212 802 3283 (Pl.)=
822 3229 884 3267 eor
902 3214 963 3282 (om
982 3212 1036 3282 qd,
1055 3212 1105 3294 uti

86 3285 172 3340 melle
190 3285 312 3354 rotatio,
327 3287 411 3342 melle
429 3288 563 3356 rosaceo).
632 3291 666 3340 19
685 3285 764 3341 iubat
783 3284 853 3339 iecit
866 3286 895 3353 (l)
913 3301 937 3338 r.
1010 3289 1045 3338 20
1062 3299 1106 3336 1n·

86 3355 197 3414 fictioni
214 3365 247 3426 ρ’
258 3375 286 3413 r:
304 3355 521 3414 inflammationi
538 3358 604 3413 dbm
627 3362 653 3412 et
670 3361 734 3412 oute
751 3371 807 3411 ras.
825 3372 843 3425 p
861 3354 976 3424 (tumori
991 3353 1045 3422 Pe,
1058 3353 1108 3406 eod
1125 3384 1127 3388 ,

88 3428 123 3495 cf.
140 3444 179 3498 sq.
200 3431 299 3500 23,63).
316 3430 320 3498 Ι
336 3430 387 3485 unt
404 3428 470 3485 fobu
484 3445 518 3482 ex
532 3425 597 3485 vino
617 3428 662 3498 (cf.
676 3445 702 3484 o.
717 3430 762 3498 19)
780 3427 995 3496 mole'repetitur
1013 3410 1111 3494 (quusi

87 3515 121 3554 ec
142 3501 227 3555 vario
249 3501 393 3572 Minuci)
416 3502 448 3556 io
470 3501 563 3571 pello).
921 3532 924 3559 :
1099 3555 1105 3565 .
