2517 3925
484 150 725 225 -153-

166 330 240 387 XX.
272 331 322 387 De
345 328 504 385 satureia.

168 448 321 509 satureiae
350 444 443 508 calida
469 449 568 509 viset
595 466 689 529 prope
716 450 810 527 ignita
831 457 887 509 est.
927 450 1008 509 unde

98 536 142 599 iili
165 545 196 599 et
217 554 328 597 nomen
349 535 478 598 inditum
501 536 643 617 eredunt,
670 536 750 616 qnod
781 555 892 617 pronos
920 537 1008 599 iaoiot

98 629 131 687 in
158 642 307 686 venerem.
348 625 415 687 ideo
443 633 474 687 et
500 625 637 706 grevidae
660 624 857 705 probibentur
883 643 948 687 enm
975 628 1007 687 in

99 714 166 775 oibo
191 731 318 776 sumere.
355 732 424 776 nam
442 716 513 776 trito
531 722 561 776 et
578 717 678 776 ventri
695 705 883 794 superposito
903 723 1008 796 partus

72 806 189 864 tetiam
217 812 351 866 mortuos
378 803 469 883 pellit.
511 805 628 865 urinum
651 811 750 864 movet
780 805 907 865 euvino
930 812 1007 883 poto.

99 892 277 973 lethargicos
299 892 428 954 letaliter
454 892 636 979 dormientes
660 893 769 953 excitat
785 892 881 971 onpiti
904 910 1009 954 eorum

3 1020 4 1047 ;
100 1000 170 1043 oum
188 974 272 1043 noeto
291 982 466 1061 frequenter
484 980 590 1043 infusa.
623 980 809 1042 stomachum
822 983 1008 1043 nausiantem

3 1070 4 1103 ³
98 1070 146 1131 rel
168 1072 200 1131 in
228 1089 283 1131 ovo
311 1078 428 1152 sumpto
449 1070 497 1132 vel
522 1078 593 1151 poto
620 1069 784 1132 confirmet.
821 1077 925 1131 contro
948 1072 1008 1131 ani·

100 1158 188 1219 maiia
215 1176 290 1239 quae
314 1159 456 1221 anulonis
482 1158 593 1221 ictibus
622 1160 757 1220 saeviunt
779 1177 838 1219 non
862 1157 1011 1220 inutiliter

60 1260 85 1299 1⁰
99 1246 265 1309 adhibetur.

165 1414 258 1470 m.
290 1413 339 1470 De
361 1424 475 1483 porro.
1020 1400 1108 1538 2032.

168 1533 263 1594 Porro
295 1534 422 1613 capitato
450 1534 486 1595 ed
518 1532 611 1594 multo
640 1535 776 1611 eorporis
802 1534 873 1593 vitta
900 1530 1009 1612 Hippo-

101 1630 199 1684 crates
222 1640 296 1684 usus
319 1630 373 1683 est.
409 1639 515 1683 sucum
534 1622 599 1682 eius
622 1623 798 1701 sanguinem
816 1619 1011 1681 reicientibus

101 1714 190 1772 etiarn
218 1709 314 1771 solum
341 1709 503 1772 bibendum
531 1710 627 1791 dedit,
658 1710 793 1789 quamvis
821 1711 915 1769 ceteri
941 1727 1011 1769 oum

100 1799 175 1879 golla
202 1799 248 1859 rei
276 1802 352 1861 turis
384 1800 478 1863 farina
510 1798 640 1861 dandum
673 1798 870 1859 censuissent.
910 1797 1011 1858 vtdvas

3 1886 4 1919 ¹
61 1897 87 1938 1⁵
101 1895 270 1952 oontrnotas
288 1888 393 1951 eodenr
412 1907 484 1950 suco
503 1886 634 1950 resoluit.
669 1888 769 1968 ipsum
787 1886 876 1947 etiam
894 1885 926 1945 in
944 1883 1010 1945 oibo

101 2102 163 2156 oum
185 2102 299 2148 rosaceo
328 2087 393 2144 tritu
420 2093 555 2142 tumorem
582 2083 760 2142 articulorum
787 2081 900 2140 tollunt
935 2079 1011 2137 odda

101 2172 130 2226 in
153 2187 206 2244 qua
227 2172 350 2228 coxerint
372 2171 459 2244 eapite
480 2170 553 2240 eius,
583 2168 676 2225 foveto
698 2173 779 2241 eaput
806 2165 1011 2234 freneticorum,

100 2270 228 2314 somnum
250 2254 322 2312 feeit.
358 2271 451 2312 remen
473 2255 531 2312 eius
553 2255 649 2310 tritum
671 2268 732 2308 eum
755 2266 824 2325 equa
846 2249 941 2326 eapitis
963 2246 1012 2304 do·

100 2339 188 2400 lorem
211 2338 284 2398 tollit
306 2346 334 2396 et
355 2355 481 2398 somnum
503 2338 576 2397 iacit

475 2439 636 2452 ..—-.—

59 2506 86 2546 20
167 2476 291 2536 Satureio
312 2477 395 2536 calida
417 2484 460 2536 est
482 2484 509 2532 et
531 2490 619 2550 prope
641 2476 735 2550 ignita.
763 2489 889 2532 venerem
904 2479 1009 2529 moret:
1028 2465 1086 2534 (65)

99 2561 163 2620 ideo
191 2563 219 2618 in
247 2569 328 2620 utero
355 2561 517 2620 habentibus
543 2560 600 2616 deri
627 2559 800 2634 prohibetur.
838 2572 930 2615 semen
952 2557 1012 2614 eius

100 2647 197 2704 tritum
225 2662 258 2704 ex
287 2649 349 2705 rino
376 2653 472 2721 potum
500 2647 605 2704 urinam
626 2651 729 2703 moret.
770 2643 836 2701 totta
862 2644 921 2700 eiuu
948 2642 1011 2698 trita

101 2747 164 2788 ourn
187 2739 265 2788 aceto
288 2731 373 2790 tronti
394 2731 518 2788 inlinitor
541 2729 707 2802 lethargicos
722 2729 845 2784 renitet.
884 2719 933 2802 [ad
954 2730 1011 2781 oto·
1127 2769 1130 2772 .

103 2816 228 2874 maehum
252 2832 313 2872 cunr
337 2815 398 2872 vino
421 2823 449 2872 et
472 2831 541 2890 aqua
562 2812 638 2870 ealda
660 2811 784 2884 bibitur]

175 3013 687 3087 ISutureieq.lriueetetp.il.
741 3011 1120 3082 tillietouzetillihb.

105 3087 434 3162 intediturbiieoitr.
495 3087 595 3145 tideo
613 3088 645 3143 et
659 3086 725 3156 uui:
748 3084 868 3154 ideoque
884 3084 1121 3154 rbieemyoie

101 3177 135 3216 eo
154 3160 200 3216 rb.
259 3159 404 3230 supponite.
425 3159 539 3229 uetur:
567 3157 714 3228 supponite
730 3158 777 3214 rb.
836 3154 960 3225 opellib
979 3157 1046 3226 nol:
1074 3171 1120 3211 ex·

100 3231 381 3302 poliitrb.imovot
398 3231 551 3300 exr.9ol=
570 3231 716 3285 monetet
733 3245 767 3284 ex
784 3227 870 3284 nrb.
921 3225 1121 3298 olithnrgioon

101 3302 239 3358 lounutn
257 3301 410 3372 (loetaliter
427 3302 454 3372 o)
472 3317 510 3371 oo
534 3300 720 3374 (Iuthungiooo
741 3296 886 3382 lotbnliter
903 3299 937 3369 r).
993 3304 1007 3354 t
1027 3298 1119 3354 nonni·

101 3375 199 3430 entem
216 3375 260 3429 ol:
288 3374 475 3429 unmeontom·
488 3388 514 3443 9.
579 3377 596 3426 9
618 3388 676 3428 non
694 3374 731 3441 (ri)
753 3369 864 3425 utrhter
884 3385 910 3424 o.
974 3375 1007 3424 11
1027 3371 1123 3438 oopus

101 3444 176 3527 adu.
193 3444 482 3571 {bippoffpo-bornteo
494 3460 541 3515 un.
589 3447 622 3498 12
641 3459 739 3499 oneum
757 3441 816 3498 eino
833 3440 899 3511 uui:
918 3457 1032 3496 mooun
1046 3440 1121 3494 enim

101 3532 225 3572 eruor.
