2517 3925
472 140 769 261 2188-

316 417 456 478 mm.
488 418 538 475 De
559 416 701 487 persico.

165 528 228 587 Got.
317 536 509 601 Persicorum
532 535 616 599 cibus
639 544 687 605 est
711 534 833 615 quidem
856 534 1007 602 stomacho
1034 533 1164 616 inutilis,
1238 545 1240 550 ·

146 606 287 687 Vs’592eo
310 626 390 705 quod
412 627 471 687 cito
495 643 586 688 sucus
608 628 675 687 eins
696 626 845 699 inacesoat
863 631 895 685 et
916 641 986 685 caro
1009 640 1105 702 aeque
1128 624 1160 683 in

144 709 147 722 '
250 715 414 795 digestione
437 716 572 797 vitietur,
594 731 700 776 verum
721 714 843 784 maiore
864 714 975 794 mavis,
1002 712 1076 773 dum
1098 728 1160 771 non

250 803 363 865 diutius
380 804 412 865 in
435 804 585 869 intestinis
603 809 738 886 moratur
750 809 788 864 et
805 800 842 863 ad
860 804 920 867 ima
938 818 1057 882 semper
1076 800 1160 861 exitu

177 885 214 942 ὦ·
252 890 395 955 celeriore
423 892 552 955 festinat.
587 909 758 973 praecoqua
779 898 879 962 tannen
905 896 936 951 et
962 890 1096 957 armenia
1118 886 1187 948 les

146 960 332 1046 W’593uiora
359 985 438 1061 sunt.
478 982 578 1043 minus
604 982 637 1041 in
662 980 710 1042 his
741 979 865 1045 offendit
896 977 977 1058 quod
1008 994 1102 1058 supra
1127 978 1160 1037 in
1238 1013 1240 1051 ,

249 1066 412 1130 maioribus
428 1071 555 1149 persicis
574 1068 787 1130 adnotavimus.
821 1074 852 1128 et
871 1075 971 1133 tamen
988 1083 1161 1147 praecoqua

249 1157 286 1222 ad
300 1156 459 1223 utilitatem
477 1159 612 1238 corporis
631 1157 772 1220 armeniis
786 1155 975 1222 antecedunt.
1001 1154 1072 1224 ideo
1085 1154 1160 1217 hoec

249 1248 339 1308 etiam
357 1248 453 1327 aegris
470 1248 593 1310 interim
611 1246 677 1310 dari
692 1253 833 1328 pessunt,
851 1243 1066 1325 quorumdum
1080 1250 1161 1305 taxat
1238 1297 1240 1342 t

250 1334 385 1400 condicio
407 1336 587 1415 permiserit.
1059 1388 1067 1395 .
1171 1345 1197 1385 10

314 1422 507 1487 Persicorum
538 1422 623 1485 cibus
659 1429 786 1503 negatur
817 1441 834 1483 a
863 1422 989 1485 medicis
1023 1420 1160 1483 membra

160 1518 223 1576 Gai.
248 1512 373 1573 nutrire.
410 1509 539 1576 Galenus
561 1511 668 1576 suadet
693 1528 857 1593 numquam
880 1518 951 1593 post
973 1510 1075 1573 cibum
1098 1527 1159 1571 om·

146 1596 326 1663 Ve⁶⁹³nino
358 1616 491 1682 sumere,
523 1600 677 1683 corrormpi
708 1599 866 1672 adfirmans
889 1602 916 1663 si
942 1598 1017 1663 cibis
1048 1599 1159 1659 ceteris

164 1695 228 1753 θαι.
250 1688 400 1753 innatarit.
436 1686 507 1753 folia
527 1690 717 1771 persicorum
743 1690 869 1756 tritaet
894 1690 1024 1769 inposita
1045 1687 1159 1749 ventris

140 1774 384 1839 nme-animatia
409 1779 562 1857 perimunt
584 1784 615 1841 et
638 1776 798 1858 expellunt
836 1777 939 1843 eadem
960 1778 1041 1839 sicca
1068 1784 1158 1855 atque
1169 1787 1193 1829 1⁵

186 1882 202 1916 e
250 1866 282 1926 in
304 1863 458 1945 pulverem
481 1873 569 1930 tunsa
591 1873 730 1936 recentes
755 1866 856 1947 plegae
879 1872 1075 1929 cruentorum
1097 1864 1158 1925 vul·
1196 1875 1199 1882 ·

149 1927 237 2070 23⁰⁷.
252 1972 360 2016 nerum
383 1953 532 2018 claudunt.
569 1956 694 2018 nucleus
720 1957 907 2035 persicorum
935 1956 1040 2035 capitis
1062 1952 1159 2015 dolori

246 2210 351 2260 matura
379 2201 504 2262 coeliacis
531 2211 560 2260 et
579 2203 760 2278 dysentericis
779 2212 808 2262 et
835 2205 995 2279 sanquinem
1021 2204 1158 2261 reicienti-

248 2285 300 2344 bus
321 2294 440 2361 prosunt
459 2287 489 2344 in
508 2288 569 2346 cibo
590 2296 707 2364 sumpta.
743 2296 821 2346 cocta
841 2288 872 2346 in
885 2289 977 2346 cincre
998 2287 1087 2347 calido
1110 2288 1157 2345 ob·
1238 2304 1239 2347 t

247 2369 341 2427 voluta
355 2371 384 2426 in
405 2370 491 2427 terina
507 2371 607 2428 dantur
626 2373 656 2429 in
672 2371 794 2430 iebribus
809 2371 994 2430 laborantibus
1008 2372 1155 2430 dinturnis.
1167 2383 1192 2423 ²⁰
1238 2382 1240 2439 t

247 2454 390 2512 stomacho
405 2456 545 2513 commoda
568 2462 642 2512 sunt.
677 2457 762 2515 ineisa
782 2465 860 2515 cocta
880 2457 909 2515 in
930 2473 999 2534 aqua
1020 2457 1084 2515 dato
1100 2466 1155 2514 sto·
1238 2470 1240 2531 ς

247 2537 342 2595 macho
372 2537 536 2596 dolentibus.
574 2541 668 2597 vinum
689 2556 784 2599 eorum
812 2540 999 2616 dysentericus
1021 2540 1155 2608 eseliacos
1238 2552 1239 2621 t

247 2623 403 2688 namieutes
431 2623 545 2700 stringit
572 2632 600 2684 et
632 2626 794 2707 sanquinem
820 2634 978 2705 expuentes.
1023 2635 1103 2685 cocta
1127 2625 1156 2682 in
1238 2640 1239 2691 g

247 2707 334 2764 mulsa
356 2710 419 2766 trite
442 2709 583 2772 stomacho
604 2711 724 2784 inposita
745 2710 914 2775 defectiones
935 2710 1047 2777 tollunt.

1238 2852 1239 2885 t

163 3013 169 3028 .
211 2945 275 3001 112.
294 2945 409 3016 quinem
427 2945 507 3002 cauus
526 2949 568 3004 ee
585 2946 695 3003 inutilis
712 2949 747 3002 e.
766 2947 784 3003 1.
839 2955 910 3004 200
927 2948 965 3004 ro
979 2949 1030 3018 qt:
1048 2962 1100 3003 o».
1114 2946 1154 3003 et.
1238 2918 1240 2953 ⁴

141 3012 302 3086 imcoesost
318 3033 349 3086 y:
376 3020 520 3074 mecesoot
536 3019 587 3086 rc,
613 3016 753 3074 meroem
774 3019 814 3077 ol.
837 3023 842 3089 Ι
866 3018 1082 3091 indigestionem
1100 3020 1118 3075 l.

139 3090 156 3140 e
175 3085 308 3142 celeriore
326 3087 374 3161 (ui
391 3091 420 3159 p)
437 3089 503 3159 pol:
523 3086 609 3145 celeri
626 3089 692 3158 rint
713 3093 978 3176 praecoque-(10)
995 3088 1154 3160 permiserit

137 3156 205 3226 pot:
225 3171 278 3212 ooo.
296 3159 341 3213 ro.
379 3161 419 3226 of.
441 3161 474 3215 cie
492 3161 656 3231 praecoquis
676 3165 703 3216 ct
725 3163 857 3218 mmsis
877 3163 897 3229 i.
919 3162 1073 3217 minonem
1091 3176 1153 3230 per·

137 3227 203 3282 sicce
220 3227 314 3284 Dtoec.
334 3234 421 3298 lpse.
481 3236 497 3285 9
517 3229 603 3286 etism
621 3247 671 3287 om.
691 3233 710 3288 i.
730 3233 734 3301 Ι
753 3234 857 3303 posunt
873 3248 899 3304 p.
919 3235 925 3302 Ι
943 3233 1012 3288 dum
1029 3233 1110 3288 texet
1124 3246 1151 3300 p,

137 3323 176 3380 as
194 3325 316 3388 uxore
335 3324 473 3385 essexae
486 3329 503 3384 z.
550 3331 584 3383 11
598 3311 711 3403 sigitur
724 3329 742 3386 z.
789 3331 823 3386 12
837 3329 960 3388 suenus
974 3328 1151 3400 (emoneo

136 3394 204 3464 pol:
232 3395 282 3455 sed
304 3397 333 3456 et
350 3395 473 3454 Galenus
496 3397 640 3468 (Gelienns
657 3401 683 3470 r)
700 3401 746 3459 rb.
766 3400 772 3474 Ι
791 3419 936 3472 nunquam
953 3401 1067 3466 omnino
1087 3402 1151 3470 post

140 3463 234 3520 cibum
251 3466 296 3521 rb.
354 3471 386 3521 13
406 3467 555 3526 adfirmans
572 3485 618 3540 po.
640 3474 646 3542 1
666 3472 691 3528 si
708 3473 798 3542 potet:
815 3472 847 3528 in
863 3474 909 3529 rb.
964 3477 999 3528 14
1016 3469 1151 3533 innatam

139 3534 231 3602 polet:
250 3535 380 3593 innatant
397 3537 442 3592 rb.
459 3540 579 3607 tubicine
596 3543 623 3598 d.
651 3542 825 3611 Persicorum
842 3543 912 3600 solie
928 3545 973 3603 rb.
