2517 3925
482 192 487 200 '
573 185 814 251 —150-

294 347 399 410 scribit
417 349 518 409 cibum
537 349 641 409 cardui
659 348 797 411 adiuuare
817 358 850 411 ut
867 348 1016 411 masculos
1033 357 1193 428 procreent.

293 439 415 499 mastica
434 438 614 498 carduorum
633 436 756 498 odorem
778 439 840 498 oris
858 436 1121 498 commendabilem
1133 437 1193 497 red-

188 526 345 603 Puradit.
373 544 434 587 non
446 524 616 607 praeteribo
635 525 715 605 quod
734 525 771 587 de
786 526 939 588 servandis
957 525 1075 587 carduis
1094 525 1194 605 legisse

187 614 350 678 432153me
373 616 509 676 memini:
541 622 624 677 aceto
648 614 735 675 melle
759 614 852 676 diluto
883 614 1077 695 condiuntur,
1104 613 1196 675 addita

294 702 393 765 radice
411 703 514 765 iasaris
533 711 564 764 et
587 706 712 783 cymino.
740 703 886 765 eiusmodi
905 711 968 764 arte
986 705 1137 783 provisum
1154 708 1216 763 esto

277 802 332 853 'ne
355 794 422 872 quis
446 794 566 853 omnino
590 794 654 853 sine
678 792 797 853 carduis
820 790 883 853 dics
907 799 994 853 esset

147 952 149 955 ’
220 964 268 1019 Pt.
361 958 487 1014 xvm.
520 960 569 1014 De
592 956 670 1014 alio.

197 1040 285 1104 ²⁰⁸²&
362 1074 467 1155 Magna
480 1078 524 1137 vis
543 1076 613 1157 aiio,
637 1084 667 1137 et
684 1076 752 1138 idco
767 1094 803 1137 ex
822 1094 857 1137 eo
873 1083 919 1137 est
937 1077 1064 1136 maxima
1082 1074 1198 1136 utilitas.

233 1172 249 1205 *
294 1164 432 1225 omnibus
451 1167 561 1245 quippe
580 1166 756 1245 perniciosis
774 1164 930 1225 hominum
947 1164 1032 1226 malis
1046 1163 1198 1225 vehemen-

294 1261 341 1314 ter
368 1254 491 1315 resistit.
532 1261 688 1333 serpentes
718 1260 748 1315 et
772 1254 946 1333 scorpiones
973 1255 1105 1332 itemque
1133 1251 1198 1312 alias

294 1341 420 1403 latentes
439 1340 550 1403 bestias
565 1341 656 1403 odore
671 1342 734 1403 solo
749 1342 844 1423 fugat,
862 1341 972 1403 ictibus
987 1360 1093 1403 eorum
1111 1358 1198 1420 aeque
1210 1351 1227 1391 1⁰

294 1429 432 1491 medetur
455 1432 517 1493 sive
540 1430 658 1494 vulneri
680 1431 798 1493 inlitum
821 1432 882 1491 siue
905 1432 938 1493 in
959 1432 1083 1512 potione
1105 1428 1151 1490 vel
1171 1431 1199 1489 in

295 1518 362 1581 cibo
386 1526 547 1598 sumptum.
583 1522 699 1581 morsui
721 1522 826 1581 canino
848 1538 917 1580 cum
939 1518 1026 1581 melle
1046 1519 1199 1583 succurrit.
1250 1597 1251 1604 ἵ

294 1609 407 1669 taenias
422 1615 452 1669 et
470 1608 526 1669 alia
539 1610 653 1672 uentris
668 1608 802 1669 animaba
822 1610 854 1668 in
872 1608 969 1669 mulso
982 1614 1068 1669 aceto
1087 1614 1199 1669 coctum
1250 1613 1252 1691 t

295 1698 417 1775 perimit
439 1703 469 1759 et
492 1696 620 1776 expellit.
657 1699 772 1759 siccum
794 1715 863 1759 cum
886 1696 1017 1759 restibus
1040 1698 1105 1759 suis
1128 1696 1199 1756 oleo·

296 1802 355 1863 que
370 1787 551 1866 permixtum
560 1804 664 1847 omnes
678 1788 757 1848 ictus
767 1793 927 1847 venenatos
940 1785 1105 1847 efficaciter
1114 1789 1198 1845 sanat.
1210 1792 1229 1833 1⁵

296 1872 401 1935 eodem
431 1874 519 1935 modo
547 1884 577 1937 et
604 1876 721 1937 attritas
753 1876 887 1955 corporis
919 1882 1021 1953 partes
1048 1882 1081 1936 et
1107 1873 1200 1935 ulcera

296 1964 327 2024 in
361 1965 456 2044 capite
489 1967 638 2026 manantia
670 1982 805 2044 quaeque
842 1966 873 2024 in
904 1965 1003 2025 vesica
1038 1967 1200 2028 tumescent
1250 1974 1252 2033 t

296 2050 368 2112 lenit
391 2053 563 2132 inpositum.
594 2050 856 2133 peregrinantibus
877 2054 942 2114 esui
965 2053 1069 2114 datum
1087 2054 1199 2113 minime

295 2142 408 2221 patitur
436 2159 487 2202 eos
515 2160 660 2222 aquarum
683 2150 713 2204 et
739 2142 876 2204 locorum
897 2145 1063 2204 mutatione
1090 2148 1200 2221 pertur-

221 2359 277 2429 (51)
381 2354 478 2410 Cardui
498 2362 607 2412 *natura
635 2355 747 2411 mordax
774 2363 802 2412 et
827 2355 988 2411 subaustero
1015 2361 1070 2410 ast.
1115 2350 1233 2408 molino

298 2435 413 2510 frigidus
435 2447 463 2494 et
484 2439 648 2514 indigestus.
673 2438 747 2510 'ideo
762 2455 844 2497 sucos
859 2440 918 2495 eius
940 2438 1070 2514 alopicias
1085 2435 1202 2511 expellit.

197 2583 199 2588 ¹
296 2522 402 2577 matrici
425 2523 586 2580 utilissimus
608 2522 685 2586 cibus
708 2529 760 2584 est.

220 2816 223 2818 .
261 2765 275 2814 1
300 2758 393 2814 cibum
416 2760 513 2816 cardui
530 2761 599 2830 pict:
628 2759 725 2816 cardui
748 2759 843 2816 cubum
860 2761 904 2816 rb.
968 2731 1122 2834 imanticb
1138 2755 1203 2827 old:

188 2829 310 2903 Mastica
327 2832 371 2888 rb.
422 2837 439 2886 3
459 2831 568 2887 carduis
586 2847 638 2889 om.
656 2833 700 2886 rb.
717 2837 722 2895 Ι
738 2830 840 2902 legisse
858 2848 904 2887 mo
922 2829 1050 2886 memini:
1069 2828 1129 2899 legi
1145 2829 1171 2882 d.

188 2904 306 2958 tacebo
324 2901 408 2958 melle
425 2903 459 2973 pt
477 2904 576 2971 (Aceto
595 2903 624 2957 eb
641 2902 727 2957 melio
744 2903 788 2973 (ἢκ
811 2905 893 2958 scoto
911 2901 1020 2957 scilicet
1036 2901 1122 2956 melio
1139 2894 1200 2966 rbi

188 2972 280 3028 diluto
299 2991 322 3028 c.
340 2973 443 3043 y(rb)=
467 2973 612 3028 diluuntur
633 2990 668 3028 ac
686 2990 711 3028 c.
729 2973 771 3029 ld.
848 2977 865 3027 t
888 2971 988 3028 laseris
1005 2987 1036 3042 p:
1064 2968 1161 3026 laseris
1178 2967 1203 3035 d,

188 3043 299 3099 lasseris
317 3045 336 3098 t.
352 3045 356 3112 Ι
373 3043 499 3100 eiusdem
517 3043 595 3099 modi
611 3045 660 3114 pd.
714 3045 757 3100 tit.
775 3043 812 3098 da
830 3043 892 3100 aleo
908 3059 949 3114 p·
990 3048 1010 3096 ‘t'
1026 3041 1097 3097 alio:
1115 3041 1205 3106 aleon

189 3113 268 3182 (ultio
287 3115 357 3184 lrb).
374 3117 378 3182 1
394 3131 429 3171 ex
447 3132 480 3171 oo
499 3117 543 3170 est
560 3114 683 3170 maxima
699 3116 818 3185 pl(b·”):
837 3114 868 3170 in
885 3131 918 3170 oo
936 3113 1061 3169 maxima
1079 3113 1124 3167 est
1140 3106 1201 3176 rbi
1250 3158 1251 3181 p

203 3218 205 3220 -
224 3185 394 3240 Somnibus:
408 3185 595 3242 Hominibnsl
609 3187 799 3256 (quimocom.
809 3185 975 3256 hominnm).
991 3185 997 3252 Ι
1012 3180 1171 3263 pernitiosis
1179 3195 1202 3248 9.

202 3261 260 3312 -10
277 3257 298 3310 Ι.
314 3271 385 3325 equa
404 3273 499 3312 eornm
517 3275 553 3312 ιιι.
569 3259 586 3312 t.
634 3260 838 3326 resumptum:
857 3256 957 3312 dotum
973 3257 991 3311 l.
1038 3261 1070 3309 13
1084 3256 1203 3309 nomm:

188 3325 281 3381 tineas
294 3327 403 3397 pt(rb).
459 3335 494 3384 11
508 3329 613 3384 siccum
631 3345 696 3384 oum
713 3329 766 3398 pbz
786 3327 907 3383 Succnm
925 3344 989 3382 cnm
1002 3343 1027 3395 r,
1046 3323 1094 3380 flio
1111 3339 1174 3379 cnm
1187 3320 1203 3373 l.

190 3396 276 3469 lanis:
294 3397 340 3452 sui
353 3399 371 3453 t.
388 3399 393 3468 Ι
408 3398 526 3470 oleoque
539 3401 583 3470 pt:
602 3399 665 3455 oleo
679 3399 724 3456 rb.
771 3405 805 3454 lt
817 3398 1027 3468 eodemqnerb.
1073 3400 1108 3449 17
1123 3407 1205 3462 quna-

189 3485 256 3537 quo:
270 3485 446 3594 qnecpmque
460 3472 479 3597 lb
494 3473 498 3541 Ι
514 3469 656 3527 uesicamt
670 3471 714 3539 (cf.
727 3471 793 3540 Pb).
809 3471 814 3538 Ι
829 3471 987 3526 tumescent
1004 3485 1035 3538 p:
1053 3466 1133 3520 -cnnt
1146 3463 1204 3517 trb.

227 3543 510 3610 recuperato:
