2517 3925
493 183 736 247 -169-

101 347 177 413 teris
196 352 227 405 et
246 362 335 406 coxae
354 344 474 407 dolores
495 364 564 406 cnm
585 348 711 425 axungia
729 354 829 407 vetere
850 347 1011 409 efficaciter

102 435 305 496 admoventur.
342 434 470 496 eundem
494 436 626 496 cinerem
649 437 675 495 si
698 438 766 514 quis
788 434 920 515 psilotris
942 454 1010 497 cum

101 531 186 585 aceto
201 531 231 584 et
244 523 341 584 lasere
355 526 557 605 coniunxerit,
571 524 697 585 detracti
710 524 763 605 pili
776 542 838 585 non
851 543 1010 587 rcnasceo·
1047 573 1073 627 G

100 622 158 673 tur.
196 612 274 692 apud
298 612 442 675 Galenum
464 615 582 673 invenio
606 616 720 674 semine
747 613 896 676 brassicae
919 615 1117 714 P⁰l02otmpt>

70 704 287 780 maximeque
307 704 458 782 aegyptiae
483 719 557 781 quae
581 702 787 763 vehementior
809 701 852 763 illi
875 703 1114 785 videtur,xn,ta.

101 790 265 851 lumbricos
288 798 319 851 et
341 792 439 851 omnia
466 792 547 851 intus
575 791 710 853 animalia
733 793 875 871 extingui.
911 792 1009 871 pulvis
1020 805 1116 872 Ptao,

101 882 243 939 ecincrc
270 880 404 941 radicum
427 882 572 941 iacentem
599 898 687 941 uvam
715 878 868 941 subiectus
891 880 1007 943 attollit.
1017 882 1105 945 3ss‚95·

99 967 230 1029 Melitius
253 968 387 1030 adlirmat
410 986 483 1029 uvae
502 984 567 1030 esse
589 968 721 1029 remedia
738 969 869 1030 radicem
890 970 1008 1049 plantae
1053 976 1070 1011 *

100 1056 231 1119 avulsam
246 1057 381 1137 colloque
396 1074 572 1137 suspensam
586 1060 627 1118 ita
642 1076 679 1118 nc
694 1065 806 1119 terram
819 1067 888 1137 post
902 1076 1007 1119 runca·

55 1161 83 1201 ιο
98 1148 213 1206 tionem
236 1148 394 1225 contingat.

165 1276 290 1333 XXXI.
322 1278 371 1332 De
395 1290 570 1347 asparago.
1040 1265 1085 1320 Pl-

165 1378 315 1457 Asparago
347 1378 426 1437 inest
453 1385 483 1437 et
515 1375 622 1439 caloris
651 1378 847 1459 aliquantum,
880 1376 932 1461 sed
964 1342 1104 1438 illi20’42·

98 1467 189 1527 etiam
221 1468 341 1545 styptici
373 1468 482 1544 vigoris
509 1473 712 1547 temperatura
743 1469 895 1529 miscetur.
937 1466 1006 1527 inde

161 1642 282 1700 Caulium
306 1660 405 1718 genera
426 1651 490 1701 sunt
513 1646 648 1717 quinquo,
677 1661 806 1701 cumanus
829 1646 1006 1719 pompeianus
1032 1641 1089 1709 (29)

97 1729 216 1785 aricinus
239 1727 381 1785 sabellicus
404 1728 537 1797 bruttius,
562 1746 614 1784 una
636 1730 722 1783 virtus
745 1728 839 1789 calitla.
876 1746 1006 1785 cumanus
1039 1729 1085 1782 Pi.

57 1817 83 1857 15
97 1812 217 1885 sessilis,
239 1814 267 1869 in
290 1814 377 1888 capite
399 1812 466 1869 lusis
489 1821 517 1868 et
538 1812 680 1869 latioribus
709 1812 790 1869 loliis.
828 1804 1103 1887 pompeianus19241·
1171 1855 1173 1860 .

1 1963 2 1978 χ
99 1914 132 1953 er
146 1898 197 1953 ima
212 1905 288 1971 parte
311 1896 487 1953 tenuissimus
503 1904 591 1953 totum
608 1914 708 1972 corpus
723 1897 751 1953 in
767 1905 848 1971 caput
870 1897 1007 1954 contrabit

1 1991 2 2004 ¹
100 1989 221 2038 tenerum
244 1983 309 2040 alias
332 1991 360 2039 et
380 1991 475 2040 contra
497 1982 601 2058 frigora
623 1981 769 2039 infirmum.
807 1983 937 2039 aricinum
953 1982 1006 2038 lre·

97 2067 244 2141 quentibus
266 2067 356 2139 loliis,
384 2067 433 2124 sed
455 2069 502 2142 qui
526 2076 615 2124 tamen
637 2067 691 2124 alio
713 2067 795 2124 motio
818 2076 914 2142 pensat
936 2084 1005 2141 quae

96 2151 269 2209 reciduntur:
284 2154 401 2226 plurimo
414 2154 490 2210 caule
498 2154 659 2212 renascitur.
682 2152 827 2209 sabellicus
834 2159 877 2208 est
888 2153 1003 2225 crispus,

57 2245 83 2284 ²⁰
96 2254 195 2311 sapore
221 2237 410 2311 dulcissimus,
444 2255 552 2296 crassus
578 2239 606 2295 in
635 2236 724 2307 loliis,
752 2235 829 2292 caule
850 2235 1004 2293 macilento.

95 2320 215 2378 bruttius
238 2322 362 2379 altissimi
385 2323 506 2396 fruticis,
528 2323 680 2380 tenuissImi
703 2320 787 2378 caulis
809 2328 838 2377 et
858 2321 929 2378 duri.

159 2405 190 2462 ln
217 2407 278 2464 cibo
307 2406 456 2478 utilissimi,
486 2414 513 2463 et
542 2415 662 2463 rerrtrem
689 2413 800 2463 movent
826 2412 854 2462 et
881 2407 996 2464 urinam.
1026 2402 1083 2469 (Pl.

94 2507 177 2548 sucus
206 2508 300 2548 eorum
322 2493 351 2548 in
372 2493 435 2548 vino
464 2493 563 2548 mixtus
591 2493 695 2548 aurium
723 2491 834 2549 dolores
856 2491 1004 2548 instillatus
1014 2475 1105 2543 ²⁰33)

94 2583 194 2633 conat.
229 2593 322 2633 semen
345 2592 438 2632 eorum
462 2593 522 2632 cum
537 2577 599 2632 vino
623 2577 716 2632 tritum
739 2584 834 2650 potum
856 2576 1003 2632 lumbricos

53 2671 79 2710 25
93 2669 121 2716 et
144 2663 231 2717 tineas
254 2662 356 2718 ventris
377 2663 524 2734 interficit.
562 2661 685 2717 calefacit
707 2671 735 2716 et
757 2660 794 2716 iel
818 2660 938 2717 deducit.

167 2835 180 2882 1
201 2829 230 2882 et
248 2843 333 2883 coxae
351 2827 416 2895 pol:
436 2842 576 2894 coxaeque
594 2828 771 2892 obluctare
789 2827 856 2895 gol:
876 2825 911 2879 -ri
929 2827 974 2880 rb.
1026 2833 1041 2880 2
1061 2829 1127 2881 ad·‘

91 2900 223 2958 moretur
244 2914 290 2968 go.
317 2901 321 2968 Ι
346 2898 519 2968 eundemque
542 2899 586 2954 rb.
611 2900 616 2964 Ι
641 2896 1060 2968 psilotlhpisr(b):·spilot1is
1082 2914 1108 2968 9,

91 2969 216 3040 prilotnl
230 2985 260 3033 o,
288 2968 332 3040 pis
354 2969 435 3024 lociis
454 2971 471 3025 l.
531 2970 657 3024 tiasere
679 2986 731 3038 pez
759 2968 903 3036 lassaret,
930 2968 1021 3023 lasere
1039 2969 1107 3041 abl

91 3041 265 3112 ciunclxerit
282 3059 306 3096 o.
357 3047 374 3095 4
392 3039 534 3110 galienum
553 3043 589 3096 lr.
607 3042 612 3108 l
628 3042 724 3094 autem
741 3038 933 3108 invenieris!
950 3039 1054 3096 semine
1066 3081 1072 3094 .
1082 3084 1107 3098 ..

91 3114 161 3182 poto
178 3129 240 3180 ego:
267 3128 362 3184 semen
381 3112 451 3179 (saffo
468 3115 495 3180 o)
516 3151 522 3166 .
541 3153 568 3167 ..
588 3114 658 3180 potii
676 3112 807 3181 pol(rb).
871 3116 887 3165 6
906 3110 1046 3181 extingui:
1068 3114 1109 3168 sic

90 3184 222 3252 potat).
277 3182 937 3252 rspot:veroexro.taot011ttv(ctt9).
991 3183 1108 3238 siteb-

90 3253 149 3307 tios
167 3255 235 3323 pol,
252 3252 380 3307 melicius
400 3251 459 3307 Odo
478 3253 523 3321 (cf.
538 3253 656 3308 Meletos
675 3253 721 3308 Pl.
737 3259 796 3318 eat
815 3268 836 3306 s.
856 3251 969 3309 Miletos
984 3254 1030 3309 Pl.
1048 3255 1106 3309 ind.

91 3327 150 3394 28):
179 3322 280 3379 Melius
303 3341 414 3394 quoque
437 3325 482 3379 rb.
508 3329 512 3392 Ι
537 3323 668 3378 adfirmat
688 3341 718 3379 o:
746 3323 870 3379 affirmat
890 3340 916 3394 p.
971 3331 1107 3380 trunca·

90 3394 197 3451 tionem
208 3397 257 3450 br:
271 3395 477 3451 truncationem
485 3396 551 3464 pol,
566 3395 737 3451 evulsionem
747 3395 783 3449 rb
794 3394 885 3465 (ouo).
923 3402 956 3450 11
968 3399 997 3451 et
1006 3412 1055 3451 om.
1065 3397 1092 3450 ct.
1098 3395 1105 3477 l

92 3465 299 3536 aliquantulum
318 3468 358 3522 ld.
414 3473 447 3521 12
467 3466 554 3522 etiam
570 3467 616 3522 illi
633 3467 738 3537 rigoris
757 3464 866 3538 stiptici
883 3468 904 3522 t.
924 3469 950 3523 d.
971 3469 976 3536 Ι
1000 3467 1107 3536 stipttcr
1214 3470 1221 3484 '

91 3537 174 3592 etiam
191 3554 210 3607 9
229 3537 359 3610 (styptici
376 3541 411 3608 v).
