2517 3925
552 196 822 270 *402

421 368 502 430 hunc
526 364 665 427 morbum
684 356 767 423 alunt
789 358 957 421 sustinendi
982 362 1072 417 erunt
1087 353 1172 425 ,cibis

421 459 514 519 sirmis
536 462 566 517 et
588 454 759 534 glutinosis,
782 448 885 512 auibus
902 444 1076 529 pinguibus,
1100 462 1170 523 ope-

422 546 506 608 ribus
534 544 667 625 pistoriis
694 542 763 623 plus
791 558 886 621 aequo
914 536 1046 616 mellitis,
1079 539 1172 613 prout

421 638 573 717 patientur
596 632 760 694 facultates.

307 737 394 800 aoso.
488 722 640 784 Vomieanr
662 730 746 783 sanat
767 722 905 801 privatim
926 718 956 779 id
975 717 1034 778 mel
1056 717 1088 777 in
1111 723 1199 795 quot

334 819 350 852 ⁹⁶
423 817 483 875 sint
505 831 575 893 apes
599 812 780 873 demortuae.
817 809 854 870 ad
876 807 957 869 hune
976 815 1075 868 autem
1093 822 1174 865 mor·
1251 833 1253 838 ·

157 906 263 975 (Marc.
277 922 308 976 p.
324 906 394 975 125.)
422 902 495 963 burn
522 902 593 962 lacit
620 902 731 981 optime
759 901 840 979 potio
867 897 955 958 haec:
987 914 1076 957 ovum
1104 913 1174 956 cru·
1251 967 1253 970 Ι

424 991 495 1053 dum
522 992 553 1050 in
581 1008 651 1050 vaso
680 988 828 1069 funditur,
859 994 1001 1067 putamen
1033 987 1098 1045 eius
1125 1002 1174 1043 re·

423 1080 523 1161 pletur
551 1096 623 1141 suco
657 1077 801 1140 marrubii
833 1083 922 1155 atque
949 1076 981 1134 in
1012 1074 1090 1135 idem
1122 1091 1174 1133 vas

424 1171 563 1250 coicitur,
594 1170 668 1229 item
698 1166 833 1248 repletur
864 1163 950 1224 melle
979 1170 1009 1223 et
1036 1161 1174 1223 similiter
1189 1174 1216 1213 10

424 1258 466 1319 ihi
493 1257 634 1338 adicitur,
671 1265 701 1318 et
731 1258 773 1316 ita
799 1256 946 1335 permixta
973 1251 1173 1329 calefactaque

423 1346 460 1407 ad
483 1353 619 1427 teporem
642 1344 715 1405 haec
734 1345 838 1405 hausta
857 1344 1002 1402 vomicam
1019 1348 1174 1421 rumpunt,

424 1442 566 1515 purgant,
590 1434 626 1495 ad
651 1434 807 1495 sanitatem
828 1431 1006 1512 perducunt.

492 1522 576 1584 llulti
599 1523 707 1584 medici
730 1540 762 1583 se
785 1520 917 1581 medicos
936 1518 1092 1579 adversum
1115 1516 1175 1577 hoc

424 1612 534 1674 malum
557 1630 617 1672 non
640 1613 804 1672 inveniunt.
841 1628 896 1689 ego
917 1616 998 1669 certe
1017 1609 1079 1667 scio
1103 1624 1174 1666 raro
1190 1620 1216 1659 1⁵

317 1722 325 1731 ·
425 1719 604 1781 quemquam
626 1700 697 1761 huie
720 1702 797 1779 pesti
825 1705 962 1777 ereptum
985 1698 1036 1775 qui
1060 1714 1091 1756 se
1114 1695 1175 1756 illis

425 1789 609 1851 credidisset.
641 1807 747 1849 verum
764 1790 805 1850 ita
819 1788 933 1848 curatio
953 1788 1018 1847 eius
1036 1784 1176 1865 expedita

424 1886 471 1940 est
507 1886 542 1939 ut
578 1880 668 1939 etiam
698 1876 796 1938 hieme
833 1878 996 1955 asperrima
1032 1872 1176 1952 explicari

423 1969 606 2048 possitintra
616 1967 695 2028 mem
710 1966 977 2046 quadragesimum,
991 1983 1061 2024 vere
1073 1970 1176 2023 autem

424 2056 470 2116 vel
493 2063 603 2117 aestate
622 2053 759 2116 breviore
779 2062 923 2134 tempore.
959 2053 1052 2132 aliqui
1073 2060 1176 2112 tamen
1190 2065 1219 2105 ιο

336 2151 352 2185 *
425 2147 520 2208 curati
543 2152 613 2206 sunt
635 2146 714 2206 intra
739 2144 929 2223 praefinitum
952 2150 1070 2222 tempus
1093 2159 1176 2202 com-

229 2238 334 2306 (Marc.
348 2239 396 2306 tt.)
423 2236 572 2314 positione
596 2251 630 2294 ea
659 2251 734 2312 quae
761 2232 839 2294 infra
866 2234 977 2312 scripta
1000 2238 1059 2292 est:
1091 2247 1176 2290 man-

377 2321 381 2324 ’
425 2323 567 2402 dragorae
586 2321 756 2404 hyoscyami
774 2323 834 2400 opii
855 2323 933 2383 turis
952 2322 1033 2381 croci
1053 2317 1178 2399 pondus

229 2635 346 2690 lerunt
362 2636 415 2720 qb:
434 2636 500 2690 sunt
517 2637 543 2690 ol.
612 2635 750 2690 osanant
766 2650 792 2704 9.
817 2635 822 2703 1
846 2633 877 2688 id
894 2633 953 2688 mel
970 2634 1002 2688 d:
1020 2631 1096 2688 idest
1113 2633 1180 2702 (sic)

157 2704 214 2760 mel
231 2717 257 2776 p.
330 2713 383 2763 61.
402 2725 429 2777 q.
448 2706 594 2762 demortuo
617 2721 685 2790 apes
704 2707 770 2761 sunt
787 2707 813 2761 d.
886 2709 989 2760 evaso
1006 2720 1037 2773 y:
1059 2720 1128 2759 vase
1146 2706 1178 2759 d.

193 2777 349 2832 emarunii
366 2794 396 2848 y:
415 2777 536 2834 marubii
554 2779 580 2834 ol.
604 2779 608 2848 Ι
632 2795 662 2833 ιιι
680 2777 757 2833 idem
774 2794 824 2833 vas
843 2774 961 2831 coicitur
977 2792 1009 2844 9:
1026 2774 1056 2830 in
1074 2774 1176 2830 eodem

156 2863 223 2903 vase
243 2848 380 2904 conicitur
398 2851 424 2904 cl.
476 2855 507 2902 11
527 2848 682 2920 permixtus
701 2848 909 2917 calefactnsque
927 2845 1176 2916 (calfactnsqned)

157 2919 200 2988 qd
218 2920 264 2988 (cf.
284 2919 376 2975 Marc.
390 2937 422 2990 p.
443 2925 507 2974 125:
527 2920 621 2977 omnia
638 2921 709 2976 haec
726 2919 757 2974 in
775 2935 804 2974 se
821 2917 1025 2990 permiscentur
1043 2933 1077 2972 ae
1094 2918 1176 2987 tepe-

156 2989 234 3072 facta
251 2990 430 3060 hauriuntur,
448 2991 520 3047 miro
538 2993 623 3048 modo
641 2991 765 3048 vomicas
782 2991 919 3060 rumpunt
936 2990 1002 3058 etc).
1062 2993 1097 3043 17
1116 3005 1177 3043 cre·

157 3059 293 3142 dqdnsent
314 3063 341 3116 ol.
367 3063 371 3132 Ι
399 3061 505 3118 Verum
528 3063 635 3118 curatio
658 3063 719 3119 eins
741 3062 783 3117 ita
805 3078 866 3132 exp.
886 3076 910 3116 e.
934 3061 961 3115 el.
1041 3065 1075 3114 19
1098 3059 1180 3114 intra

159 3130 219 3214 dies
239 3151 288 3187 ‚xa
308 3133 336 3187 el.
359 3203 366 3216 ι
396 3139 432 3189 20
450 3133 538 3205 aliqui
556 3137 653 3190 tamen
666 3152 693 3189 r:
712 3133 830 3204 Aliquot
848 3131 1079 3203 (interpunctione
1091 3147 1178 3200 prae-

156 3217 241 3284 missa
266 3219 297 3273 p,
329 3203 437 3274 aliquot
463 3207 523 3260 stae
544 3206 697 3276 interpell
728 3221 747 3259 a
773 3220 818 3260 me
844 3205 895 3274 pal.
967 3208 1000 3256 21
1025 3201 1102 3256 intra
1123 3203 1178 3256 rb:

159 3272 233 3328 infra
246 3276 296 3344 qd.
347 3281 403 3332 -22
422 3273 624 3346 Mandragorae
643 3276 752 3346 pondus
770 3275 879 3331 denarii
905 3276 936 3344 (a
953 3289 1006 3344 qao
1027 3273 1130 3342 incipit
1147 3276 1179 3343 9)

154 3349 219 3412 poet
241 3345 312 3402 tntis
330 3365 358 3418 p.
377 3345 404 3406 d.
422 3348 509 3415 infert
531 3349 559 3403 d.
591 3353 706 3402 ceteram
722 3351 789 3416 poet
809 3347 936 3416 einpalaa
956 3345 1056 3414 speeies
1083 3345 1181 3413 (qaia

118 3479 122 3486 ¹
156 3416 232 3484 quies
246 3418 343 3488 ἐρίων)
352 3417 394 3488 pol
407 3417 516 3472 addant
530 3419 797 3488 repetantqaeoerba
810 3418 920 3488 pondus
934 3415 1043 3471 denarii
1054 3415 1126 3486 (dein
1138 3416 1182 3484 d),

157 3503 227 3554 quoe
240 3489 388 3544 oaaitteodo
401 3503 456 3543 ease
473 3490 549 3544 docet
561 3507 585 3544 o.
601 3495 637 3545 20
651 3489 825 3560 singulorum
839 3490 896 3558 (aed
910 3489 945 3555 cf.
956 3487 994 3542 M
993 3503 1048 3541 ore.
1058 3503 1090 3556 p.
1102 3489 1181 3557 125).

190 3551 227 3612 {¹3
248 3559 318 3628 opii:
338 3559 506 3628 opopanacis
527 3560 619 3617 Mare.
640 3561 699 3630 (qai
712 3565 856 3631 praetereo
874 3560 955 3615 audit
971 3560 1102 3628 myrrae).
