2517 3925
472 216 692 282 ..35-

76 378 206 443 adhibito
234 399 271 441 ex
298 383 366 441 vino
394 381 487 441 calido
517 383 548 442 in
571 381 693 442 modum
717 381 822 461 malag-

76 474 158 531 matis
192 478 385 550 temperatur.
432 472 527 531 farina
556 470 722 531 hordeacea
754 490 823 532 cnm
851 482 956 546 22923.

74 560 126 619 sico
150 566 228 621 tusa.
265 560 407 620 lenticula
435 562 466 619 in
490 567 573 620 aceto
597 560 737 621 discocta.
774 561 823 621 lici
851 572 955 635 22944.

74 649 138 709 lolia
163 657 195 710 et
217 651 283 728 ipsa
305 666 392 730 poma
415 650 564 709 inmatura
588 651 724 710 contrita.
762 668 821 710 am·
849 661 967 731 *(om.r)
991 667 1078 731 2423.

51 739 240 798 antoniacum
264 756 334 799 cum
356 738 443 798 melle
470 740 651 818 impositum.
692 740 822 819 iuniperi
849 747 928 811 24,54
947 742 1008 812 (om.
1023 743 1048 812 r)

72 846 172 889 semen
197 846 235 898 ex
254 827 320 887 oleo
343 827 486 887 inlinitur.
519 826 589 888 lolia
607 827 667 887 alni
690 846 728 888 ex
746 846 821 907 aqua
849 840 937 903 2494.

71 917 198 977 ferventi
213 915 347 977 remedio
362 917 436 977 fiunt
451 918 569 977 tumori.
598 935 722 978 ovorum
741 916 821 978 lutea
849 928 936 986 rsit.

71 1023 136 1065 cnm
165 1004 253 1086 adipe
278 1008 415 1065 anserino
439 1013 469 1065 et
496 1007 620 1066 rosacio.
663 1005 703 1066 lel
730 1009 820 1085 tanri-
849 1011 985 1081 (283342)

70 1112 139 1155 num
154 1094 202 1154 vel
218 1096 374 1173 caprinum
388 1094 531 1155 inlinitur.
551 1093 659 1175 butyro
670 1103 721 1155 aut
735 1095 819 1174 adipe
848 1107 954 1170 28,192.

41 1185 173 1243 nursino
211 1183 421 1262 perfricantur.
482 1183 708 1263 opisthotonum
744 1183 821 1244 levat
883 1187 920 1240 io.

69 1275 153 1332 ruina
172 1290 281 1351 caprae
302 1272 424 1333 auribus
443 1273 549 1333 inlusa.
577 1273 665 1333 fimus
680 1275 820 1353 caprinus
882 1274 919 1328 io.

68 1380 133 1421 cum
147 1360 250 1422 bulbis
269 1360 413 1422 inlinitur.
442 1360 669 1440 opisthotonicis
684 1380 720 1421 cx
740 1362 821 1422 milvi
847 1372 952 1436 30,110.

67 1453 199 1511 iocinere
225 1449 307 1510 arido
331 1457 394 1511 tres
421 1449 502 1511 oholi
530 1453 562 1511 in
585 1450 683 1511 trihus
706 1450 820 1531 cyathis

67 1557 159 1619 aquae
183 1538 298 1601 mulsae
327 1537 449 1599 bibendi
475 1539 592 1601 dantur.
629 1539 721 1620 adeps
743 1540 818 1619 lupi·
847 1548 952 1613 28234.

38 1644 121 1689 snus
154 1628 271 1691 utiliter
299 1628 442 1689 inlinitur.
479 1630 510 1689 in
539 1630 691 1690 cervicum
717 1628 819 1690 dolore
847 1639 934 1703 28,60.

67 1718 195 1797 poplites
218 1717 334 1779 utiliter
361 1718 519 1799 fricantur,
549 1726 580 1779 et
607 1737 623 1778 e
648 1718 765 1779 diverso
788 1720 820 1777 in
866 1768 870 1775 .

68 1808 214 1887 poplitum
246 1805 348 1867 dolore
382 1808 529 1869 cervicem
559 1808 663 1867 lricari
694 1805 819 1886 remedi-

69 1914 116 1954 nm
140 1904 198 1956 est.

129 2044 242 2100 XXH.
266 2043 428 2098 Humor-is
451 2045 486 2100 et
507 2043 685 2100 lateribus.

130 2161 293 2223 Dolorihus
330 2161 526 2224 humerorum
561 2161 706 2223 mustelae
742 2163 818 2221 cinis
845 2173 932 2235 30,41.

36 2265 133 2312 noum
162 2269 218 2312 oro
245 2250 389 2311 inlinitur.
431 2251 473 2312 sal
502 2253 535 2312 in
565 2269 651 2312 sacco
679 2268 715 2310 ex
742 2267 817 2328 aqua
845 2260 953 2321 31902.

68 2341 195 2400 lementi
218 2340 378 2402 calefactus
401 2339 536 2401 adicitur.

129 2429 212 2490 llaec
242 2448 317 2510 quac
352 2448 442 2509 snpra
472 2431 583 2511 scripta
615 2436 685 2488 sunt
713 2427 817 2487 eodem

135 2651 269 2707 reddito
287 2668 303 2705 r
321 2653 398 2722 (Pl.)
424 2654 428 2720 Ι
453 2669 488 2708 ex
510 2651 576 2707 vino
599 2668 622 2706 o.
642 2651 680 2707 in
699 2669 736 2706 m
750 2651 816 2706 mal
836 2653 871 2706 t:
888 2652 1081 2708 oicetMorc.

62 2739 89 2789 p.
109 2728 161 2777 127
182 2724 243 2791 (om
260 2723 325 2792 Pl..)
398 2722 534 2791 areop:
557 2721 679 2778 ficudb.
705 2724 857 2791 ltusopd
879 2723 1015 2791 (lunser,
1032 2725 1082 2793 poi

67 2793 156 2848 odd.
146 2811 187 2848 nn
188 2793 326 2865 ponitur).
354 2792 429 2848 sicca
449 2793 493 2846 ΡΙ.
517 2795 592 2876 (cum
614 2793 670 2848 lieu
693 2793 773 2848 ando
794 2795 879 2848 tunsa
898 2794 952 2863 M).
978 2796 983 2863 Ι
1011 2793 1083 2848 Lon·

64 2862 997 2948 29199.ΙΘΙιριιιροιιιαὶιιΜΙι(οιη.ν.,σΙ.Μανο.9
1019 2870 1083 2922 127·
1153 2889 1158 2896 ·

65 2935 108 2990 fici
135 2935 206 2991 folia
228 2939 259 2991 st
285 2951 370 3006 poma
398 2935 521 2990 eiusdem
539 2935 642 3006 imm.):
671 2935 735 2990 et
725 2935 813 3006 rpsins
840 2933 1075 2990 immaturaom
1020 2938 1082 3003 (om

65 3008 202 3076 pamma.
229 3008 234 3074 Ι
259 3006 478 3062 Ammoniaco..
490 3007 640 3075 imposita
657 3008 699 3076 pd
717 3008 788 3077 (nm
806 3009 841 3076 r).
902 3006 1006 3062 stolia
1023 2979 1084 3062 alni

65 3077 107 3132 vel
125 3077 182 3132 alei
200 3079 260 3147 (rio)
279 3078 342 3148 pdb
371 3079 414 3146 (ea
432 3078 507 3147 hropi.
527 3079 584 3133 lect.
604 3078 640 3146 cf.
659 3093 746 3147 sorpto
769 3095 791 3133 c
811 3079 865 3147 10),
891 3076 962 3133 folin
978 3077 1082 3134 slliir

99 3149 251 3218 ifiuntp.
279 3149 410 3204 sanielh.
485 3149 572 3205 8fel:
599 3149 715 3203 fimum?
734 3150 769 3217 cf.
790 3149 835 3203 ΡΙ
859 3152 893 3203 28
895 3154 964 3219 234
990 3152 1081 3218 lisu-

64 3220 154 3274 rinnm
180 3220 228 3275 vel
254 3235 305 3275 om.
325 3237 347 3275 r.
444 3220 606 3275 9Buturae
635 3220 696 3290 (sic)
722 3235 754 3290 9,
786 3219 883 3275 Butiro
910 3223 937 3278 Ι
963 3223 967 3291 Ι
991 3222 1081 3276 auth

65 3291 145 3361 (Ptz)
164 3293 194 3346 et
206 3291 249 3374 pti
267 3294 327 3360 (seu
345 3293 380 3359 r)
431 3297 465 3346 10
484 3289 704 3360 opietothonium
721 3290 1078 3362 promererentur).

133 3369 166 3416 12
187 3361 210 3417 0
212 3361 411 3432 pisiothonicis
429 3362 520 3432 pdrb.
526 3362 550 3444 Ι
581 3378 614 3417 ex
631 3362 743 3446 mrlrlno
766 3363 906 3432 cinereo,
932 3380 966 3418 ex
983 3363 1081 3419 milvio

21 3492 25 3501 ,
65 3433 179 3500 (milirio
199 3434 227 3503 Ι)
245 3434 339 3489 cinere
357 3433 398 3488 cib
419 3433 489 3503 (ox
480 3431 603 3488 recinore
621 3433 703 3489 milri
720 3436 753 3505 r).
819 3441 852 3488 17
871 3434 1010 3490 cervicem
1027 3435 1079 3503 pb·

65 3506 164 3561 cesti.
237 3505 279 3560 tit.
300 3505 344 3560 Ad
363 3505 493 3560 humeros
511 3506 543 3559 et
558 3504 693 3560 laterad.
767 3512 801 3559 20
820 3522 886 3561 oro:
906 3521 971 3561 cern
990 3506 1037 3559 Pr.

66 3581 140 3629 22-
107 3582 249 3646 -p.3oo
264 3592 314 3631 om.
334 3594 356 3631 r.
396 3581 430 3630 22
445 3576 551 3646 scripta
564 3593 595 3645 9.
614 3575 724 3633 eistad
743 3577 830 3645 (Haeo
849 3577 1024 3648 praescripto
1042 3575 1076 3643 h).

880 3663 917 3719 3*
