2517 3925
463 206 707 270 -109—
803 202 811 232 ¹

73 369 140 433 ideo
166 376 312 451 priamum
333 370 471 435 existimo
494 370 576 433 iners
595 375 643 429 cst
663 367 755 431 buius
777 386 829 431 na-
855 380 944 447 naen

74 468 141 522 tura
164 466 200 525 ut
223 476 284 521 non
305 459 402 539 possit
423 456 712 521 transireorbitom
748 475 828 520 mor·

74 564 140 609 sum
163 555 347 611 venenatum
372 546 478 629 babet,
505 547 555 609 cni
582 548 625 607 sic
648 548 828 609 occurritur.
938 620 944 627 ¹

74 636 234 717 coagulum
251 638 393 716 agninum
412 654 448 697 cx
461 638 530 697 vino
544 634 667 698 bibitur.
699 635 828 715 ungulae
855 644 944 708 taes.
975 639 1014 697 ib.

37 735 50 776 ⁵
75 727 219 789 arietinae
247 727 323 787 cinis
346 744 417 787 cum
438 724 525 787 melle
554 726 727 805 imponitur.
763 727 828 804 ipse
855 736 943 801 tate.

74 832 141 877 mus
155 832 285 879 araneus
298 813 431 877 divulsus
444 816 616 893 imponitur.
643 821 725 877 terra
738 832 829 894 quam
889 818 927 874 ob.

73 906 104 963 in
131 902 231 964 orbita
254 909 320 964 rota
349 903 499 983 depressit
523 902 626 983 plagae
654 904 827 983 imponitur.

18 1023 21 1027 ·
74 991 152 1073 talpa
175 992 327 1073 discerpta
350 994 522 1073 imponitur.
854 1002 941 1067 coeo.

138 1192 299 1250 mvn
322 1193 449 1250 conta
470 1190 705 1264 mumdum.

138 1305 335 1393 phalangium
367 1314 526 1395 praecipue
562 1313 595 1372 in
626 1309 826 1391 leguminibus

38 1407 104 1461 ¹⁰et
126 1401 160 1460 in
182 1399 281 1463 hortis
305 1400 494 1484 observatur,
516 1398 570 1466 sed
593 1408 623 1461 ct
646 1418 773 1462 araneus
796 1407 827 1461 et

73 1486 129 1549 alia
152 1506 264 1569 genera
286 1489 480 1553 bestiolarum
503 1490 670 1573 mortifero,
697 1506 826 1569 quorum

74 1596 194 1639 morsus
223 1596 283 1639 non
311 1581 482 1642 sentiuntur
512 1577 569 1639 sed
591 1578 712 1659 pruritu
739 1578 825 1640 intel-

74 1665 224 1747 leguntur.
262 1668 404 1732 adversus
426 1668 499 1729 baec
518 1670 617 1728 omnia
635 1670 742 1730 sinum
763 1685 825 1728 me·
853 1678 941 1743 tane.

73 1774 142 1817 rum
169 1755 292 1819 bibitur.
336 1765 453 1819 acetum
480 1752 609 1818 calidum
639 1758 672 1816 in
703 1756 827 1837 spongia
854 1766 941 1830 nepo.

9 1866 11 1917 t
38 1854 62 1896 ¹⁵
75 1861 165 1924 quam
198 1845 377 1927 ampllssima
408 1848 585 1926 imponitur,
620 1846 662 1905 lta
699 1852 733 1905 ut
764 1850 827 1905 tres

76 1934 223 1996 sextarios
241 1938 318 1997 aceti
339 1934 459 2019 habeat,
482 1940 648 1996 sextantem
666 1931 826 2014 sulphuris.
895 2005 916 2016 ..

77 2022 185 2086 radicis
207 2023 336 2087 hederae
359 2043 450 2087 sucus
479 2023 601 2086 bibitur.
637 2041 728 2085 sucus
751 2021 826 2084 bibi·
854 2034 942 2098 ²4³⁹·
961 2034 1068 2098 cgito:

78 2121 126 2173 tur
144 2130 300 2174 mororum
318 2114 355 2176 de
373 2113 459 2176 rubo.
496 2113 649 2194 gallinacei
668 2111 827 2173 cerebrum
853 2123 941 2187 taes.

77 2219 144 2263 cum
171 2203 286 2284 piperis
309 2205 415 2284 exiguo
439 2201 557 2264 additur
586 2203 618 2262 in
641 2219 751 2281 puscae
772 2219 825 2282 po-

37 2293 166 2352 stione.
203 2289 265 2352 fimi
286 2291 436 2374 pecudum
459 2294 575 2374 cineres
599 2307 636 2350 ex
659 2297 751 2353 aceto.
888 2286 925 2348 o.

142 2491 319 2551 XXXVII.
333 2490 461 2550 contra
474 2495 652 2564 serpentes
665 2482 863 2549 et'hominls

331 2595 476 2638 morsus.

110 2661 114 2674 .
145 2697 309 2779 Serpentes
327 2701 521 2780 praecipitem
534 2718 669 2761 morsum
685 2698 828 2762 inierunt.
861 2661 865 2668 .

76 2805 153 2868 quos
182 2805 289 2850 sanare
319 2791 352 2852 in
380 2796 522 2870 promptu
550 2796 609 2871 est,
642 2805 712 2852 cum
738 2789 828 2850 etiam

150 3001 165 3050 1
186 2996 231 3050 esi
242 2993 325 3052 huius
339 2995 453 3053 natura:
473 3000 502 3055 et
515 2961 713 3053 huius'naturc
724 2992 799 3063 oro,
809 2987 847 3048 'eb
858 2990 941 3048 huius
954 2992 1054 3047 nature
1066 2991 1095 3051 d.

111 3071 185 3121 tm.
204 3063 294 3122 habet
310 3068 479 3124 venenatum
497 3069 524 3123 d.
549 3071 554 3136 1
584 3065 624 3122 sio
642 3067 696 3136 yde
719 3065 806 3122 sirb.
861 3061 1052 3146 lqusgnlum
1068 3080 1096 3134 p.

79 3134 233 3209 {anguium
245 3138 345 3194 iterum
357 3139 401 3196 rb.
449 3143 464 3193 l
479 3137 573 3195 orbita
584 3139 635 3194 rba
654 3139 726 3192 -tnm
737 3136 787 3206 pd.
834 3141 851 3190 9
864 3133 1037 3207 Phnlsngrns
1049 3137 1096 3192 rbc

113 3215 287 3294 loercneus
303 3209 376 3280 prb:
396 3225 461 3266 —nea
478 3210 517 3292 d.¹
552 3215 584 3272 lt
603 3207 758 3292 bestiarum
774 3207 803 3262 d.
849 3207 1096 3331 tpmommpro.

76 3295 172 3408 ren
190 3280 260 3436 lat,
273 3279 587 3437 intinctae
604 3277 1032 3411 cremata-tm
1048 3294 1096 3404 n

75 3423 189 3478 uncum
208 3423 268 3494 (ste)
286 3440 322 3494 p„
368 3428 401 3478 19
420 3422 457 3480 ad
487 3424 546 3480 turc
614 3419 865 3506 dicutur-..guod
879 3419 918 3475 od
937 3420 1095 3502 seppmale

76 3493 205 3621 Zallclrgnt)
223 3495 314 3577 pdrd.
359 3499 395 3550 20
410 3495 504 3621 Zumpt.
518 3510 553 3550 ea
567 3493 615 3550 Pi.
631 3493 796 3549 mlmuntur.
841 3495 883 3547 tat.
899 3489 944 3548 Ad
957 3491 1094 3562 serpentis

163 3583 249 3620 mnus
267 3582 393 3621 morsum
431 3609 438 3624 .
