2517 3925
540 223 782 287 —186—

264 390 379 449 uretica
401 386 562 465 existimat,
585 386 767 446 austeritatis
791 385 917 446 fortasse
935 384 1089 447 beneficio.
1123 404 1172 446 ce-

263 486 362 538 terum
377 475 502 556 styptica
516 476 713 553 comprimere
727 475 845 535 urinam
857 476 951 554 magis
969 493 1058 554 quam
1073 477 1173 537 eicere
1247 491 1248 526 t

265 571 457 627 consuerunt.
494 562 586 623 cruda
608 564 774 623 austeriora
791 571 870 624 sunt.
903 563 995 626 cruda
1017 566 1119 644 itaque
1142 573 1175 625 et
1247 567 1248 572 ’

264 662 380 715 matura
399 640 535 715 coeliacis
554 651 749 732 dysentericis
767 654 942 731 sanguinem
959 652 1175 714 reiactantihus
1246 611 1248 754 l

229 745 231 749 ’
263 750 389 823 prosunt
406 744 438 803 in
456 740 523 803 cibo
542 749 669 821 sumpta.
701 748 873 820 coquuntur
891 749 922 801 et
939 743 1087 803 incinere
1103 742 1201 802 cali-5
1247 759 1248 762 ¹

265 832 386 893 dissime
410 830 504 892 farina
525 830 670 910 involuta,
697 836 727 890 et
754 831 852 909 aegris
879 848 1008 909 quorum
1030 830 1176 899 diuturna
1248 833 1249 868 r

264 923 323 981 iam
350 919 442 980 lehris
469 927 528 1001 est,
560 921 623 981 sine
655 917 790 998 periculo
822 917 939 979 dantur.
983 918 1116 980 thoracis
1145 928 1176 981 et

265 1008 410 1070 stomachi
441 1016 589 1070 tormenta
620 1009 765 1087 mitigant.
814 1024 890 1087 aqua
926 1010 1015 1069 etiam
1051 1006 1177 1070 caelesti
1248 1047 1249 1078 2

264 1098 451 1179 madescunt,
475 1114 550 1177 quae
573 1104 673 1177 potest
693 1096 729 1157 ad
749 1095 840 1157 multa
861 1096 1014 1175 prodesse.
1049 1114 1121 1157 nam
1146 1106 1177 1159 et
1248 1095 1249 1118 ³

266 1187 345 1249 sedis
367 1188 436 1247 vitia
459 1187 490 1246 in
518 1188 684 1247 lomentum
706 1184 860 1265 adsumpta
883 1185 995 1247 delenit
1018 1193 1048 1246 et
1070 1188 1213 1248 matri-1⁰

266 1276 350 1337 cibus
382 1276 559 1337 seminarum
587 1277 618 1334 in
648 1280 768 1335 ‘tumore
796 1276 947 1335 succurrit
973 1273 1176 1355 omnibusque

265 1363 432 1425 fervoribus
450 1362 642 1425 vehementer
660 1361 788 1432 obsistit.
814 1362 931 1424 infundi
949 1381 1068 1443 quoquc
1088 1373 1176 1426 aceto

266 1455 328 1512 sive
350 1454 419 1512 vino
442 1450 552 1532 solent,
580 1451 661 1531 quod
688 1449 876 1512 stomachicis
905 1459 935 1513 et
961 1455 1176 1515 intestinorum
1249 1475 1250 1498 1

257 1540 360 1602 ·ssuore
384 1542 495 1601 vexatis
518 1541 749 1620 oportunissime
773 1540 906 1601 offertur.

331 1628 378 1689 Fit
400 1647 437 1689 ex
464 1628 603 1707 cydoneis
626 1630 727 1690 vinum
757 1647 818 1708 quo
841 1628 940 1690 colore
968 1629 1176 1709 languentium
1189 1640 1211 1681 1⁵

266 1718 411 1780 desideria
439 1716 585 1779 fallantur.
626 1735 695 1778 nam
722 1719 821 1796 specie
850 1726 880 1778 et
906 1725 997 1797 gustu
1023 1725 1054 1779 et
1081 1717 1176 1778 odore

267 1806 426 1869 cuiuslihet
448 1807 508 1867 vini
531 1808 641 1868 veteris
664 1808 823 1886 imaginem
845 1814 1063 1887 repraesentat,
1092 1806 1175 1867 ideo·

268 1915 325 1977 que
349 1895 454 1957 Graeci
477 1895 650 1976 ydromelon
673 1894 829 1976 appellant.
870 1914 906 1955 ex
928 1895 1030 1956 multis
1053 1913 1175 1977 compo·

267 1985 424 2046 sitionihus
448 1987 513 2046 eius
535 1985 641 2046 melior
663 1984 737 2045 haec
755 1991 786 2046 et
807 1984 909 2046 utilior
931 1985 1067 2047 traditur.
1105 1993 1177 2065 post

267 2073 449 2135 caniculares
468 2081 569 2135 aestus
587 2091 793 2152 quaecumque
812 2091 844 2133 se
863 2091 900 2133 ex
917 2076 1003 2134 noris
1025 2072 1177 2163 imbribus
1189 2087 1212 2126 2⁰
1250 2140 1251 2147 χ

267 2181 342 2242 aqua
370 2162 506 2224 caelestis
533 2161 677 2223 infuderit
704 2161 816 2223 mundo
835 2179 903 2222 vaso
923 2163 1071 2242 excipitur
1090 2170 1121 2224 et
1145 2166 1178 2224 in

233 2374 247 2422 1
273 2367 391 2424 extimui
414 2369 453 2425 N.
517 2374 533 2422 2
557 2367 646 2423 eicere
669 2385 700 2438 9:
727 2384 808 2424 scere
827 2370 861 2437 (t)
882 2367 917 2422 N
936 2369 1031 2440 (cgere
1054 2367 1178 2438 Maius),

161 2439 235 2496 ciere
252 2439 285 2493 ot
298 2439 365 2507 (rh).
410 2445 426 2493 3
446 2438 644 2494 crudo-suni
660 2439 725 2493 odd.
744 2439 782 2493 N.
799 2442 803 2509 Ι
819 2439 914 2509 linque
933 2441 963 2494 ei
979 2439 1045 2509 polz
1063 2454 1116 2495 om.
1130 2441 1180 2506 rh,

159 2511 256 2580 itaque
275 2509 335 2578 (om.
351 2510 390 2578 et)
403 2509 442 2564 N.
479 2509 579 2564 abhinc
596 2509 627 2564 d:
652 2507 785 2578 Cydoneo
797 2525 835 2565 cr.
850 2512 879 2564 et
891 2511 959 2565 mai.
972 2515 1021 2566 ete.
1058 2510 1179 2580 teylin·

161 2580 201 2637 cis
218 2581 309 2652 9l(r)‚
330 2578 435 2635 ciliucii
453 2596 477 2634 o.
494 2581 499 2650 Ι
515 2579 619 2650 dysinl.
637 2579 701 2648 No,
720 2580 842 2650 dyssenh
862 2581 939 2651 bip),
958 2580 1057 2636 discut.
1077 2580 1100 2650 l,
1119 2581 1178 2636 dis·

161 2651 226 2708 sint.
245 2668 268 2707 r.
290 2655 294 2720 Ι
318 2650 517 2706 reiectantihus
534 2650 569 2705 N
574 2652 610 2721 (et
623 2651 661 2721 d).
724 2656 740 2706 o
759 2650 866 2721 sumpti
883 2652 938 2722 dal
962 2653 1097 2707 cocuntur
1114 2651 1153 2706 N.
1171 2653 1174 2722 Ι

160 2723 191 2778 in
208 2725 275 2794 pol:
294 2737 344 2779 om.
363 2722 499 2779 rhetN.
545 2721 788 2777 tidiuturnuium
827 2722 1023 2778 oeiNciem
1041 2721 1178 2778 diuturna

161 2795 271 2864 tdtrh).
325 2793 446 2849 liebris
464 2795 507 2849 esi
522 2792 676 2865 goletN:
694 2791 781 2848 febris
799 2738 860 2861 (lun
874 2795 928 2864 esi)
946 2793 1113 2863 rhldntur
1130 2795 1177 2850 rh.

164 2864 291 2937 thoracis
314 2867 344 2920 ei
364 2864 483 2920 stomuci
505 2866 527 2922 t.
546 2863 681 2935 mitigant
702 2864 766 2919 odd.
785 2863 820 2918 N
834 2863 944 2935 (Epic).
1025 2869 1042 2921 8
1060 2864 1178 2920 caelesti

162 2953 213 2992 orn.
233 2936 274 2990 td.
343 2941 359 2990 9
384 2935 563 2991 madescunt:
590 2935 622 2988 io
648 2935 699 2989 hoe
725 2951 750 2989 o.
773 2935 864 3003 deficit
891 2934 990 3002 folium
1011 2934 1046 2989 N
1070 2935 1178 3004 (mode-

161 3005 269 3062 iaciuni
287 3005 369 3076 huit
389 3009 488 3062 elom.
507 3006 534 3063 d.
589 3010 623 3060 10
642 3004 793 3074 adsumpta
809 3021 856 3076 po.
876 3007 882 3074 1
903 3005 1003 3062 delinit
1019 3006 1177 3076 potdhh).

199 3081 231 3130 11
251 3076 281 3130 in
299 3077 395 3132 dolore
413 3077 471 3146 (sed
487 3077 546 3146 o'pm
562 3091 651 3145 supra
667 3091 720 3132 ser.
737 3078 857 3146 tumore)
875 3077 893 3132 i.
944 3082 978 3131 12
995 3076 1180 3132 vehementer

162 3146 317 3202 fervoribus
335 3148 380 3204 rh.
397 3149 401 3216 Ι
416 3147 596 3204 vehementer
613 3162 664 3202 om.
683 3147 710 3202 d.
728 3149 732 3215 Ι
747 3146 778 3202 in
795 3150 875 3203 coeto
895 3146 1002 3203 sivein
1020 3146 1086 3203 vino
1105 3148 1178 3216 (sive

163 3217 228 3274 vino
249 3217 278 3285 d)
295 3219 448 3289 potatui).
512 3224 546 3274 13
565 3217 745 3273 stomachicis
766 3235 817 3288 po:
846 3218 985 3274 stomachi
1002 3218 1049 3287 td,
1072 3220 1178 3274 stoma·
1250 3272 1251 3287 ,

162 3287 227 3343 licis
240 3289 286 3342 rh.
332 3294 366 3342 14
380 3287 614 3359 opportunissime
627 3305 644 3344 o
658 3291 686 3360 (o
707 3290 758 3344 om
772 3292 809 3359 p).
825 3291 830 3357 1
846 3289 971 3344 offertur:
990 3290 1137 3359 hucusque
1150 3291 1177 3344 d.

200 3363 233 3412 15
253 3357 385 3427 cydoneis
402 3374 432 3429 p,
451 3359 574 3416 cidoneis
591 3376 622 3414 o:
641 3376 676 3431 cy
696 3359 768 3414 oniis
786 3361 830 3429 lh,
850 3360 970 3430 eytoniis
987 3376 1010 3415 r.
1058 3365 1092 3415 1o
1110 3377 1178 3414 nam

165 3431 195 3484 et
212 3446 252 3499 sp.
272 3429 289 3483 l.
306 3427 311 3500 i
327 3429 357 3483 eh
370 3431 455 3498 gustu
467 3431 511 3485 oi:
531 3431 616 3500 gustu
628 3433 665 3487 rh
676 3432 722 3501 (p).
769 3436 802 3485 17
817 3432 1029 3501 repraesentent
1045 3432 1099 3501 pol
1109 3432 1178 3501 (rb).

200 3504 234 3554 18
251 3498 414 3569 ydromelon
430 3500 496 3567 pol:
514 3496 674 3570 ὑδρόμηλον
686 3501 780 3558 Diose.
795 3505 864 3571 5‚30.
881 3503 886 3571 1
902 3517 936 3556 ex
953 3503 1019 3571 pol:
1038 3504 1068 3556 ei
1082 3518 1116 3556 ex
1129 3503 1178 3558 rh.

199 3574 232 3622 21
252 3584 320 3625 vaso
338 3584 390 3640 po:
408 3585 474 3626 vose
492 3571 576 3640 tuh).
778 3574 781 3580 '
