2517 3925
540 190 759 253 „14-

277 367 382 430 34‚121.
411 357 613 434 imponuntur.
651 357 726 435 misy
744 358 852 435 tritum
869 375 936 417 cum
951 359 1019 417 vino
1037 359 1069 417 in
1092 357 1158 417 lana

278 447 382 519 tonat.
411 447 633 524 superponitur.
684 446 777 506 malva
800 454 964 506 macerata
1003 448 1035 506 iu
1071 449 1158 506 urina

410 533 539 594 bumana
561 543 592 594 et
614 536 685 594 trita
707 537 846 614 imposita
868 535 950 595 valde
974 535 1112 595 desiccat.

141 621 276 692 *(Mere.
288 641 316 693 p.
329 628 383 695 40.)
479 622 584 683 Omnia
610 631 710 684 autem
734 626 839 703 capitis
867 623 1059 685 ulcerosum
1086 642 1157 704 pur-

411 719 476 790 gata
500 720 570 773 sunt
592 712 805 774 iucundissime
834 714 870 773 ad
885 713 1066 773 'cicatricem
1088 727 1185 792 per-s

410 801 561 862 ducuntur
574 800 631 861 hoc
646 811 757 863 ceroto.
786 819 907 881 spumae
922 804 1037 880 argenti
1051 810 1156 862 tunsae

410 898 440 950 et
463 889 608 950 cribratus
627 890 748 970 selibra,
776 908 915 951 cerussae
938 890 1013 950 libra
1036 908 1095 950 una
1112 899 1156 950 te·

408 986 530 1059 rantur,
558 986 588 1039 et
613 997 700 1039 cerae
725 978 807 1039 albae
831 998 847 1039 e
869 978 945 1039 libra
965 978 1025 1039 olei
1048 981 1157 1040 rosacii

408 1070 602 1129 remittuntur
616 1076 648 1128 et
665 1069 893 1148 refrigerantur,
915 1068 1021 1139 deinde
1040 1068 1156 1128 raditur

355 1202 357 1207 ,
408 1164 439 1217 et
465 1159 608 1219 miscetur
636 1176 705 1219 cum
732 1175 836 1237 spuma
864 1165 894 1218 et
926 1175 1060 1237 cerussa,
1092 1157 1153 1216 adi·
1166 1175 1198 1213 ro

408 1251 529 1309 ciuntur
539 1266 663 1309 ovorum
674 1255 814 1327 quattuor
823 1246 903 1307 lutea
912 1247 1012 1306 cruda.
1031 1246 1157 1326 prodest

344 1382 347 1386 -
408 1346 438 1398 ct
461 1340 576 1398 resinae
604 1340 736 1417 pituinae
764 1336 838 1396 libra
861 1338 951 1396 urixta
975 1353 1044 1395 curn
1067 1353 1151 1394 cerae

407 1426 489 1487 albae
513 1426 621 1487 selibra
638 1435 675 1488 et
697 1429 728 1488 in
752 1426 816 1487 oleo
841 1426 975 1507 decocta,
1002 1427 1043 1486 ita
1065 1432 1098 1484 ut
1121 1425 1152 1483 in

407 1518 491 1595 acopi
515 1516 602 1576 modo
620 1524 827 1596 perunguatur
845 1515 954 1595 pistillo
975 1516 1107 1574 mixtum.

477 1722 535 1777 IV.
559 1718 739 1790 Alopaoiis.

167 1841 381 1911 (diotrepto)
476 1841 629 1919 Alopeciae
657 1858 792 1918 maguam
824 1839 995 1899 foeditatem
1026 1840 1156 1899 afferunt
1171 1853 1201 1893 1⁵

409 1937 440 1990 et
452 1937 576 2010 propter
589 1928 646 1989 hoc
661 1946 816 1989 servorum
828 1930 925 2009 pretia
939 1928 1154 1989 dinuuuuntur.

407 2021 506 2098 itaque
530 2020 733 2078 necessarium
756 2026 802 2079 est
829 2037 880 2078 eas
908 2036 1025 2098 quoque
1054 2035 1153 2077 emen-

274 2119 378 2180 29‚109.
407 2107 485 2167 dare.
531 2125 606 2186 quae
635 2107 790 2167 celerrime
819 2106 1005 2185 complentur
1031 2105 1163 2185 pellium.

212 2283 225 2330 1
246 2276 347 2331 misum
367 2280 403 2347 d,
422 2297 532 2348 mysum
549 2280 588 2347 pb
607 2280 667 2343 (om.
687 2280 721 2347 r).
790 2284 805 2331 2
824 2278 967 2331 macerata
984 2275 1060 2330 dbm:
1080 2291 1154 2329 erra·

139 2347 196 2402 tica
214 2349 251 2401 rb
270 2348 329 2417 (Μ)
411 2349 571 2403 3desiccat
588 2351 639 2418 pb:
664 2348 752 2404 siccat
769 2350 795 2403 d.
867 2345 1011 2401 40mnia
1029 2347 1057 2403 k.
1077 2346 1154 2415 capi·

138 2418 225 2472 iisd.
263 2419 312 2472 ubi
341 2419 447 2473 malek
470 2425 509 2474 est
529 2435 582 2488 pro
609 2419 823 2489 auplosacouieo
845 2419 918 2474 cocis
941 2418 1036 2472 autem
1055 2447 1088 2456 —
1113 2418 1155 2470 sic
1257 2474 1258 2481 χ

140 2490 232 2545 More.
252 2505 315 2557 cmu-
324 2505 343 2558 p
357 2519 391 2530 -
413 2490 582 2560 compendio,
601 2492 674 2560 quod
691 2507 748 2545 nou
761 2491 895 2544 intellexit
911 2489 1029 2557 comptor
1043 2489 1153 2554 codids,

138 2561 229 2615 omisit
245 2559 366 2616 Turinus
384 2561 421 2628 (b)
440 2577 501 2615 eum
518 2579 540 2617 r.
574 2563 608 2629 ef.
623 2562 714 2631 praef.
734 2561 773 2615 od
790 2560 949 2614 Vitruvium
965 2576 1053 2614 meam
1072 2576 1103 2628 p.
1124 2570 1157 2610 rr

137 2637 192 2688 not.
240 2630 433 2686 ocioatricem
445 2633 499 2701 pd:
523 2633 695 2702 -cesrbffll
715 2632 721 2702 Ι
740 2632 929 2701 perducuntur
937 2632 1094 2686 bocceroto
1103 2632 1152 2699 pb:
1258 2629 1259 2634 ’

137 2702 223 2757 ducit.
256 2701 317 2757 Hoc
336 2704 431 2758 ceroto
448 2705 467 2759 d
485 2703 624 2772 (perducit
641 2703 695 2757 boc
713 2704 839 2757 cerotum
856 2719 884 2772 r,
902 2702 1094 2771 perducuntur
1111 2702 1152 2756 sic

138 2773 243 2844 Marc.)
317 2780 332 2828 'l
352 2772 455 2829 selibra
474 2775 522 2828 M:
546 2771 619 2829 libra
642 2775 712 2844 (siue
728 2791 803 2828 uam.
822 2774 876 2843 pd,
894 2773 968 2827 libra
984 2789 1042 2827 una
1059 2774 1114 2841 rb).

137 2851 154 2899 8
172 2861 234 2900 esre
249 2845 301 2917 (ap
315 2845 342 2914 p)
361 2843 425 2899 albe
444 2843 517 2899 libra
528 2847 571 2913 pd
584 2845 694 2913 (addidi
703 2846 737 2912 ο),
760 2845 825 2899 boec
838 2846 878 2900 sic
890 2845 970 2927 babet
983 2862 998 2898 r
1012 2845 1097 2928 (unde
1109 2846 1151 2914 bl:

137 2918 166 2970 et
184 2932 207 2969 c.
222 2931 247 2970 a.
266 2916 433 2970 tantundem
447 2932 481 2970 ex
495 2915 551 2970 olei
568 2915 656 2970 roseti
673 2916 747 2970 libra
763 2932 820 2970 una
837 2918 959 2971 remrttrs
977 2917 1007 2971 et
1029 2916 1152 2970 drmrttrs

135 2985 300 3056 refrigerare
316 2987 362 3055 (al.
375 2987 431 3055 M).
454 2986 526 3040 rosei
540 2987 566 3041 d.
606 2993 710 3041 11-14
723 2986 1001 3057 prodest-mixtum
1014 2988 1056 3056 pri
1069 2991 1095 3040 et
1108 2988 1150 3041 br

136 3058 203 3126 (rabi
221 3058 293 3126 quod
310 3057 356 3111 bic
373 3074 438 3111 cum
457 3073 536 3112 cerae
554 3057 619 3112 albo
638 3058 724 3126 libra,
752 3059 849 3114 deinde
872 3058 954 3127 oeopi
977 3059 1042 3126 lepit
1061 3058 1151 3125 Tor.):

135 3129 206 3182 Item
229 3127 336 3183 resinae
359 3128 500 3198 pictumae
524 3127 614 3184 librae
637 3142 692 3184 sex„
725 3145 806 3201 cerae
828 3129 909 3184 albae
928 3129 1026 3183 nncme
1049 3145 1097 3182 sex
1120 3128 1151 3182 in

136 3199 198 3253 oleo
224 3199 417 3268 decoquuntur
443 3199 486 3254 ita
512 3202 545 3254 ut
571 3199 877 3270 pistillo·.miscsantur
904 3202 933 3254 et
958 3198 1039 3269 ocopi
1065 3200 1151 3255 modo

135 3271 297 3339 pungantur
319 3287 335 3322 r
353 3271 437 3338 (uude
456 3271 490 3339 b).
529 3277 561 3325 12
580 3288 643 3326 cere
661 3271 725 3326 albe
744 3270 847 3325 selibra
860 3288 891 3340 p,
911 3287 932 3325 c.
949 3286 974 3325 a.
994 3271 1018 3324 si
1035 3270 1109 3324 libra
1122 3272 1149 3325 d.

184 3342 225 3395 tit.
254 3339 296 3396 De
321 3340 451 3410 alopiciis
475 3359 504 3411 p,
533 3343 581 3396 De·
602 3341 742 3411 allopiciis
767 3341 896 3396 curandis
921 3342 948 3396 d.
1032 3346 1064 3395 15
1083 3341 1151 3395 Alo-
1242 3364 1246 3377 ·

133 3411 207 3482 picis
224 3429 253 3482 p,
272 3411 410 3482 Allopicie
428 3413 455 3466 d.
512 3418 544 3470 16
562 3413 615 3467 hoc
633 3414 685 3482 pd:
704 3413 778 3466 hanc
795 3413 839 3469 rb.
886 3418 917 3466 rt
937 3412 1034 3482 itaque
1051 3413 1151 3469 ornet

134 3483 388 3552 (necessariumque
416 3485 455 3553 r).
479 3519 482 3526 ·
578 3490 610 3538 18
644 3483 820 3553 complentur
850 3482 1045 3553 pdzi‘iexplet
1078 3483 1149 3552 Pl.):

135 3555 317 3610 emendantur
334 3555 371 3609 rb
394 3556 497 3624 (Marc.
512 3571 542 3624 p.
562 3555 615 3623 46).
719 3572 729 3601 >
745 3560 759 3625 '3
966 3595 980 3607 .·
1001 3597 1005 3602 -
