2517 3925
539 172 781 237 -142-

157 334 309 475 20²}st
323 380 399 437 vn.
430 381 480 436 ne
503 378 667 449 antpnoo.

1246 437 1247 470 l

174 512 238 569 Gal.
326 500 457 580 dtriplex
475 498 592 561 umidae
616 506 706 577 atque
725 498 849 577 frigidae
873 496 1057 558 substantiae
1079 494 1172 556 holus
1246 505 1247 512 ’

148 590 327 671 xum-est,
355 588 481 669 amplius
509 596 608 649 tamen
631 604 668 648 ex
692 587 793 648 umido
819 586 961 667 possidet.
1002 592 1033 647 et
1057 591 1105 646 est
1125 584 1173 645 illi

257 681 335 739 sicut
357 678 467 738 malvae
497 676 590 737 facilis
614 695 706 737 sucus
729 677 766 738 ad
791 676 916 757 lapsum.
952 674 1022 736 inde
1045 676 1078 734 in
1101 672 1172 735 ciho
1247 639 1249 756 l

257 775 395 846 sumptus
422 764 588 827 indubitate
621 774 757 828 ventrem
786 765 920 826 resolvit.
962 763 1077 825 crudus
1107 766 1172 824 sive

258 863 361 917 coctus
383 858 531 935 inpositus
550 855 676 915 duritias
699 873 803 916 omnes
822 873 857 916 ac
879 853 1056 915 furunculos
1075 859 1199 914 sanata
1248 901 1249 920 ,

256 943 452 1024 pernionibus
466 946 517 1023 qui
538 944 635 1005 adhuc
649 952 799 1025 aestuant,
822 951 981 1022 antequam
1002 945 1035 1002 in
1059 940 1173 1003 vulnus
1248 931 1249 950 ¹

257 1041 415 1113 erumpant
437 1032 552 1094 utiliter
570 1036 733 1112 inponitur.
762 1031 885 1094 scahros
902 1049 1019 1111 ungues
1039 1034 1106 1091 sine
1125 1032 1172 1090 in-

255 1124 333 1183 iuria
355 1122 466 1183 ulceris
489 1121 628 1183 detrahit.
664 1124 750 1201 ignes
768 1139 870 1184 sacros
894 1121 990 1202 sedat,
1018 1119 1172 1200 podagrae

256 1212 406 1272 fervorem
428 1229 497 1272 cum
520 1214 600 1272 nitro
624 1220 656 1271 et
677 1218 762 1273 aceto
790 1229 860 1272 cum
886 1209 973 1271 melle
996 1209 1172 1288 restinguit.

257 1299 386 1361 Galenus
409 1300 445 1360 ad
468 1302 629 1379 arnugmes
650 1299 840 1379 expellendas
862 1303 931 1361 vino
954 1301 1060 1359 tritum
1082 1305 1115 1359 et
1137 1299 1172 1358 in
1187 1314 1212 1355 ro

240 1390 377 1468 potione
405 1388 584 1467 perductum
607 1389 758 1450 efficacius
781 1396 867 1468 putat
889 1405 992 1449 semen
1014 1388 1089 1448 eius.

151 1579 197 1633 Pl.
213 1584 255 1647 20,
323 1590 417 1645 vm.
450 1591 499 1645 De
521 1589 672 1658 lapatho.

165 1655 255 1705 tto-86.
324 1704 473 1787 Lapathus
493 1708 603 1769 calidae
623 1716 653 1769 et
676 1717 812 1774 austerae
831 1710 951 1770 virtutis
969 1716 1028 1789 est,
1051 1714 1081 1767 et
1099 1706 1170 1768 ideo
1251 1687 1253 1730 '

256 1798 289 1857 in
317 1796 384 1857 oiho
415 1805 533 1877 sumpta
556 1807 691 1859 ventrem
713 1799 864 1879 reprimit,
887 1796 1073 1859 stomachum
1095 1813 1169 1855 con·

256 1886 367 1968 firmat,
391 1894 495 1947 motus
519 1889 641 1968 excitat,
664 1886 820 1949 confundit
841 1888 967 1948 urinam.
1004 1902 1073 1946 cum
1095 1885 1168 1945 fimo

257 1974 418 2055 gallinaceo
445 1984 533 2044 tunsa
560 1976 714 2056 paniculas
739 1978 861 2056 rumpit.
902 1993 1006 2038 semen
1032 1993 1069 2036 er
1091 1992 1171 2054 aqua
1184 1987 1210 2030 rs

256 2064 304 2126 rel
331 2067 400 2126 rinc
426 2072 530 2144 potum
563 2065 760 2145 dysentericis
787 2064 933 2128 subvenit.
974 2065 1170 2144 scorpionum
1252 2080 1253 2085 ¹

256 2154 379 2214 venenis
401 2153 593 2215 vehementer
611 2157 728 2217 resistit
745 2173 801 2216 nec
825 2155 909 2216 feriri
927 2153 1061 2214 creditur
1078 2169 1169 2232 posse

257 2244 309 2322 qni
331 2251 399 2304 ante
422 2247 660 2323 praesumpserit
681 2243 827 2304 eiusmodi
854 2244 1014 2323 potionem.
1051 2240 1171 2302 radices

256 2415 470 2426 -—-—.-.-..

183 2479 240 2547 (32)
325 2474 447 2548 Atripler
462 2473 598 2530 humidam
614 2482 643 2530 et
658 2474 782 2552 frigidam
798 2476 926 2531 virtutem
940 2471 1029 2529 hahet.
1062 2473 1092 2528 in
1106 2469 1169 2529 cibo

260 2566 368 2632 sumpta
390 2567 511 2615 ventrem
538 2557 629 2615 solvit.
668 2560 731 2616 trita
759 2560 826 2616 folia
848 2561 906 2616 eius
935 2556 1098 2615 furunculos
1121 2572 1169 2612 cn·
1185 2577 1214 2619 aa

259 2650 330 2699 rant.
367 2659 461 2700 semen
484 2645 543 2699 eius
567 2643 661 2700 tritum
677 2661 738 2701 cum
754 2646 815 2700 vino
830 2645 956 2701 ictericos
979 2649 1065 2700 curat.
1102 2640 1170 2697 folia

257 2729 315 2785 eius
339 2729 401 2784 trita
424 2745 485 2784 cum
507 2727 638 2786 melleet
665 2730 738 2785 nitro
766 2728 903 2804 podagrae
925 2725 1061 2785 fervorem
1083 2724 1168 2783 tollit.

221 2972 236 3021 1
260 2967 372 3022 umidae
394 2984 423 3022 oz
451 2966 583 3022 humidae
601 2967 642 3036 pl.
664 2969 668 3036 Ι
693 2967 774 3022 holus
796 2967 856 3036 pol.
922 2971 939 3020 2
967 2981 1002 3020 ex
1029 2963 1171 3033 (hlumido

147 3049 189 3106 po
198 3037 263 3106 (lblz
282 3039 319 3093 ab
333 3037 496 3093 humoribus
510 3056 533 3093 r.
584 3044 600 3092 3
615 3037 689 3092 sicut
701 3037 826 3092 malvae:
843 3037 900 3092 vid.
914 3053 1003 3106 snpra
1015 3051 1038 3092 c.
1058 3045 1114 3090 ro.
1125 3040 1170 3090 18.

102 3104 111 3120 ‘
185 3114 201 3162 6
220 3109 429 3164 Pernicionibus
447 3110 465 3165 l.
520 3114 536 3164 8
555 3108 658 3163 ulceris
675 3110 743 3177 polz
761 3125 812 3163 om.
829 3109 878 3164 rb.
898 3111 903 3177 Ι
922 3124 1002 3163 acras
1020 3108 1037 3163 l.
1058 3109 1064 3175 Ι
1083 3107 1132 3162 aie.

149 3183 165 3233 9
183 3179 334 3250 restinguit
350 3182 465 3248 aaron:
489 3180 638 3248 restringit
660 3181 696 3234 rh
720 3181 769 3250 (ul
785 3196 873 3249 supro
890 3196 913 3237 c.
938 3181 989 3248 rr).
1056 3184 1091 3233 10
1113 3176 1171 3232 da-

148 3249 239 3304 lienus
247 3253 315 3333 ph).
332 3249 337 3319 Ι
353 3267 509 3322 auregenes
519 3257 662 3306 antecorr.
672 3268 698 3321 9.
735 3254 777 3306 tit.
786 3251 917 3321 lapatho:
936 3249 1045 3321 lupatio
1053 3265 1092 3318 po
1100 3250 1126 3318 (r
1132 3248 1170 3331 b),

144 3320 276 3392 lappataa
294 3323 354 3391 (sic)
373 3323 391 3377 l.
446 3328 480 3376 ta
498 3321 645 3393 Lapathus
656 3339 724 3392 epo:
747 3323 899 3392 Lapatium
916 3338 934 3391 p
957 3323 1032 3390 (poet
1053 3319 1171 3375 virtutis

150 3395 193 3447 est
210 3393 270 3461 rh),
289 3408 339 3447 om.
358 3394 397 3450 ol.
449 3399 483 3448 ta
502 3396 615 3463 sumpt-a
632 3396 701 3464 pol:
720 3399 863 3464 sumptum
881 3393 926 3448 rh.
942 3397 947 3462 Ι
962 3393 1089 3448 ventrem
1108 3405 1172 3460 agot

150 3479 291 3591 nana
302 3465 608 3605 att'tttnrt
621 3466 699 3604 a..
706 3471 748 3605 >1⁴
771 3464 920 3591 hihi}
935 3464 988 3606 ‘tt'-
1008 3460 1171 3603 tirhtil
