2517 3925
533 174 752 239 ...62-

403 343 480 422 ginis
502 339 549 401 vel
576 338 646 399 lolia
668 336 714 398 vel
740 335 856 397 radices
882 342 970 416 potae
997 352 1035 394 ex
1061 350 1153 413 passo

270 442 375 507 tamt.
403 438 537 511 prosunt.
574 429 673 489 vesica
692 428 755 506 apri
778 428 809 485 in
828 425 894 486 cibo
913 424 989 484 elixa
1011 424 1153 484 sumitur.

271 532 375 597 atala.
403 520 514 599 leporis
541 535 630 578 renes
657 516 813 576 inveterati
841 516 873 574 in
900 514 968 573 vino
997 513 1061 592 poti
1092 509 1152 572 cal-
1250 519 1251 522 ’

302 613 339 667 it.
404 607 487 669 culos
509 605 633 687 pellunt.
669 604 796 684 ungulae
825 605 895 683 equi
923 601 998 662 cinis
1022 619 1058 661 ex
1082 601 1153 660 lino

403 696 451 757 vel
473 714 548 775 aqua
571 694 692 756 bibitur.
1167 702 1181 741 a

469 896 595 953 xum.
619 894 892 951 montanensem
914 893 1060 979 manea
1157 852 1162 857 ⁸

155 1014 158 1021 ’
272 1026 376 1090 atain.
470 1014 589 1077 Verrini
602 1014 739 1093 genitalis
757 1017 889 1075 cinerem
908 1020 1013 1093 potare
1027 1030 1064 1073 ex
1082 1014 1155 1072 vino

404 1103 484 1165 dulci
502 1112 634 1185 oportet,
652 1100 684 1165 in
702 1106 784 1165 canis
802 1101 899 1165 cubile
917 1103 1036 1163 urinam
1053 1101 1155 1161 lacere

404 1201 435 1254 et
461 1193 535 1253 baec
562 1192 653 1254 verba
681 1193 795 1274 dicere,
821 1210 859 1253 ne
885 1194 949 1272 ipse
970 1192 1088 1251 urinam
1111 1189 1156 1249 sa·

310 1286 341 1342 '.
405 1283 463 1343 ciat
485 1284 564 1343 sicut
582 1283 665 1343 canis
687 1284 718 1341 in
738 1300 793 1342 suo
813 1280 912 1342 cubili.
939 1277 1068 1358 ungulae
1088 1279 1156 1357 apri

310 1374 340 1429 '.
404 1367 449 1429 vel
477 1372 540 1430 suis
567 1372 643 1430 cinis
669 1372 784 1450 potioni
813 1370 1004 1450 inspergitur.
1040 1367 1155 1447 leporis
1170 1379 1199 1419 1⁰

311 1462 316 1473 '
335 1504 341 1517 .
406 1457 564 1519 cerebrum
581 1460 613 1519 in
631 1460 700 1519 vino
719 1458 846 1540 bibitur,
868 1466 898 1519 et
917 1456 1051 1519 eiusdem
1068 1458 1156 1516 testi·

325 1595 332 1622 ,
370 1594 376 1608 .
405 1545 464 1607 culi
487 1548 559 1608 tosti
582 1540 737 1608 eduntur.
758 1565 897 1608 anserum
920 1548 1011 1607 trium
1032 1544 1156 1623 linguae

334 1680 340 1693 .
405 1653 487 1696 assae
510 1637 542 1695 in
566 1635 633 1696 cibo
658 1644 826 1698 sumuntur.
863 1635 980 1696 cocleae
1004 1634 1156 1694 africanae

405 1741 473 1785 oum
492 1740 580 1784 carne
600 1743 654 1786 sua
668 1724 886 1788 comburuntur
900 1726 1034 1803 cinisque
1049 1740 1157 1783 earnm

404 1830 440 1873 ex
463 1814 531 1872 vino
554 1812 674 1874 bibitur.
1171 1824 1199 1865 1⁵

469 1997 614 2073 X'VIHI.
637 2017 876 2071 verendorum
897 2014 1001 2070 vitiis.

471 2129 677 2195 Verendorum
698 2136 778 2195 vitiis
801 2135 827 2194 si
850 2133 1015 2194 formicatio
1039 2135 1079 2192 sit
1101 2141 1157 2194 aut
1252 2130 1253 2169 ³

403 2237 542 2302 verruca,
569 2224 688 2282 arietini
709 2222 860 2303 pulmonis
883 2222 980 2282 sanies
1007 2220 1157 2282 inlinitur.
1252 2230 1253 2233 ’

309 2311 339 2364 ’.
403 2311 513 2369 ceteris
535 2312 614 2371 vitiis
638 2313 832 2372 arietinorum
852 2310 995 2372 vellerum
1018 2312 1094 2371 cinis
1115 2326 1155 2369 ex
1252 2340 1253 2343 ¹

309 2397 339 2452 '.
403 2414 492 2478 aqua,
520 2416 623 2459 sevum
642 2417 678 2460 ex
697 2407 817 2460 omento
842 2398 967 2478 pecudis
990 2401 1154 2479 praecipue

177 2563 181 2568 Ι
404 2483 440 2544 ab
464 2485 587 2547 renibus
611 2487 740 2549 admixto
763 2490 890 2568 pumicis
913 2490 1013 2548 cinere
1037 2495 1068 2548 et
1082 2487 1154 2547 sale
1169 2503 1201 2544 ao
1252 2514 1253 2537 ι

248 2573 285 2630 ib.
303 2574 341 2631 ib.
403 2575 580 2658 imponitur,
593 2575 660 2638 lana
673 2577 776 2639 sucida
790 2594 827 2637 ex
840 2594 917 2656 aqua
930 2574 1044 2655 frigida.
1082 2593 1156 2637 caro
1252 2606 1253 2619 .

206 2781 223 2832 2
244 2777 349 2834 vessica
365 2796 390 2848 y.
464 2780 620 2850 4pellnntz
644 2782 758 2838 solvunt
779 2784 807 2838 ri.
879 2784 920 2838 tit.
944 2781 1155 2839 lncontinenbin

134 2847 230 2904 urinae
248 2866 278 2920 y,
297 2850 342 2932 Ari
359 2849 593 2906 incontinentiam
607 2852 686 2907 urine
700 2854 726 2908 cl.
777 2860 792 2908 7
812 2853 905 2909 cubile
922 2869 952 2922 με
972 2853 1005 2907 -li
1018 2853 1058 2908 db
1073 2853 1154 2922 (Pl).

170 2954 294 3011 8feciet
310 2955 421 3012 urinam
439 2958 466 3013 d.
507 2957 616 3014 9eicut
633 2975 663 3028 9:
682 2961 715 3014 ut
728 2960 768 3015 db
783 2960 859 3029 (Pl).
902 2965 936 3016 10
955 2976 1025 3015 orme
1042 2942 1106 3013 ‘aurs
1124 2976 1152 3029 y.

171 3031 204 3079 13
224 3042 285 3110 asse
302 3025 400 3098 lingue
414 3030 440 3085 d.
467 3029 471 3096 Ι
496 3028 623 3102 linguae:
642 3029 747 3100 ligulae
761 3048 784 3086 r.
836 3032 877 3086 tit.
896 3051 943 3087 xxr
957 3030 1154 3086 Verendorum

134 3097 213 3151 nme
221 3114 245 3153 sa
253 3097 412 3155 formicetio
424 3099 461 3154 ait
470 3100 520 3155 aut
528 3116 661 3156 verrucae
671 3103 746 3157 rubr.
752 3118 803 3158 scr.
813 3119 832 3172 9
841 3102 896 3172 (Ad
904 3101 1038 3158 ver.vitie
1047 3101 1072 3156 ei
1080 3101 1100 3157 f.
1111 3101 1153 3157 eit

133 3167 180 3222 vel
197 3183 329 3251 nemeae
344 3170 385 3225 tit.
400 3171 440 3240 b),
458 3171 503 3226 Ad
517 3171 703 3227 verendorum
720 3173 793 3228 vitia
805 3173 900 3229 omnia
913 3173 939 3229 el.
968 3173 1082 3228 titolum
1098 3175 1150 3242 eoi

134 3242 173 3292 est
189 3255 222 3292 m
238 3255 257 3308 p
275 3239 312 3309 (t)
331 3255 364 3294 eac
382 3241 442 3310 apae
465 3246 542 3297 tectu
563 3244 675 3299 demum
696 3245 783 3311 fuisse
796 3246 907 3313 primur
929 3245 979 3314 qui
996 3245 1153 3313 opponitm

47 3379 50 3383 .
135 3307 228 3364 Plinii
242 3311 316 3365 loom
329 3311 405 3366 dccet
418 3313 507 3381 (30,ἵῖ
516 3312 708 3370 verendorum
718 3313 959 3371 formicationibus
969 3313 1152 3384 tenuemque

133 3380 262 3436 medetur
280 3380 394 3439 arielim
416 3383 557 3453 pulmonis
573 3385 691 3440 inassati
714 3386 819 3455 mmet,
843 3386 944 3443 ceteris
961 3384 1040 3442 vitiis
1062 3385 1155 3441 velle·

133 3468 196 3506 rum
215 3495 221 3508 .
237 3496 244 3510 .
261 3455 282 3523 .)
373 3461 407 3511 16
430 3454 794 3513 Verendorum—rerruoe
817 3459 916 3514 addidi
938 3474 972 3513 ec
993 3458 1035 3512 tit.
1059 3457 1153 3526 9(ῦ);

134 3523 230 3580 ona.
303 3529 338 3581 20
357 3524 492 3583 ammixto
510 3542 535 3596 a.
562 3529 567 3596 Ι
591 3526 701 3597 punicis
719 3529 780 3598 (oe)
798 3529 826 3583 d.
924 3584 926 3589 ,
