2517 3925
495 176 715 240 „31-

85 339 160 398 rino
185 338 360 417 imponitur.
397 336 487 417 adeps
511 340 616 417 anguis
639 341 749 401 mixtus
772 339 847 399 oleo.
910 340 948 394 it.

88 427 240 506 anguium
267 429 342 487 einis
369 445 407 487 ex
436 426 511 487 oleo.
553 446 619 488 esse
648 447 699 489 eos
727 446 847 509 quoque
874 422 876 426 ’
910 429 948 483 ib.

88 518 281 595 praeripitur
308 515 431 587 abscisis
462 533 479 575 a
507 518 603 596 capite
626 525 657 579 et
684 517 778 579 cauda
804 518 847 577 di·

89 606 163 682 gitis
195 607 364 687 quaternis,
400 612 452 666 aut
483 607 616 666 cinerem
648 616 848 667 crematorum

62 692 208 753 shihsre.
250 694 353 755 fimum
381 693 583 756 columbinum
610 697 768 775 imponunt
799 694 849 756 alii
875 704 964 767 3138.

7 808 8 855 3
90 785 186 843 mixta
209 782 305 843 farina
327 782 493 844 hordeacea
515 802 557 845 ex.
579 793 664 864 aceto
687 786 757 845 aori.
794 784 846 844 tal-
910 784 947 839 at.

7 876 9 941 t
89 890 148 953 pae
173 873 250 933 einis
269 883 305 932 ex
325 872 412 933 melle
436 874 606 952 imponitur.
643 876 728 934 iecur
750 871 846 953 talpae
910 870 947 927 tl>-

92 954 216 1040 quidam
229 962 309 1021 inter
323 980 428 1021 manus
443 964 606 1023 contritum
624 962 847 1023 circumliniunt

91 1057 124 1111 et
147 1049 250 1112 triduo
275 1068 335 1111 non
357 1049 490 1111 abluunt.
526 1051 622 1132 talpae
643 1053 739 1131 capita
761 1069 845 1130 prae·
909 1050 946 1104 it

52 1148 78 1187 1⁰
92 1137 237 1199 ciduntur
261 1148 291 1201 et
314 1157 382 1200 cum
405 1146 493 1220 terra
509 1158 525 1199 a
543 1140 629 1219 talpis
654 1147 754 1219 egesta
776 1157 845 1199 oon·

93 1234 239 1289 teruntur
267 1235 298 1288 et
328 1229 360 1287 in
391 1228 525 1307 pastillos
553 1228 751 1308 rediguntur:
794 1230 846 1308 qui

92 1318 119 1377 si
148 1323 308 1379 servantur
330 1319 362 1378 in
386 1324 506 1396 stagnea
532 1317 640 1398 pyxide
663 1317 753 1379 utiles
776 1326 847 1378 sunt

91 1405 129 1465 ad
145 1407 246 1466 omnia
260 1412 448 1484 apostemata.
467 1423 584 1468 vermes
594 1410 708 1467 terreni
720 1406 844 1467 totidem
873 1414 961 1481 anae.

91 1502 167 1575 quot
190 1502 323 1554 strumae
347 1503 417 1556 sunt
439 1494 549 1574 alligati
572 1514 642 1556 oum
663 1496 710 1557 his
733 1497 846 1575 pariter

52 1592 77 1630 1⁵
91 1591 245 1644 arescunt.
288 1583 531 1663 circumligantur
563 1584 623 1645 lino
657 1603 716 1665 quo
744 1586 846 1665 vipera
872 1591 960 1654 30,40.

91 1671 257 1753 suspendio
272 1675 370 1732 occisa
384 1681 438 1733 est.
474 1672 630 1752 milipedae
649 1674 846 1754 imponuntur
873 1681 960 1743 30‚4o.

92 1760 193 1823 addita
225 1763 342 1822 resinae
374 1769 458 1841 parte
496 1769 615 1842 quarta:
656 1780 716 1823 non
749 1760 845 1821 solum

93 1858 225 1912 strumas
245 1852 287 1910 sio
307 1853 406 1911 curari
424 1851 613 1930 praeripiunt
627 1850 680 1910 sed
699 1858 730 1911 et
747 1851 846 1910 omnia

92 1946 285 2019 apostemata.
321 1941 449 2019 axungia
472 1936 506 2021 <.
522 1989 529 2001 .
544 1936 577 2020 .>
602 1938 666 2000 calx
689 1941 753 1999 viva
776 1956 846 2000 oum
873 1947 978 2011 28,140.

52 2031 194 2090 2⁰resina
216 2028 329 2108 liquida
351 2028 397 2089 vel
421 2029 505 2108 adipe
525 2029 611 2090 suillo
636 2027 735 2090 addito
758 2028 844 2089 melle
872 2037 978 2100 31180.

94 2119 220 2179 strumis
243 2117 356 2178 utiliter
380 2118 547 2178 auxiliatur.
584 2117 625 2178 sel
643 2119 782 2198 aprinum
799 2116 846 2177 vel
872 2122 969 2186 28,190
988 2118 1050 2187 (om.
1068 2119 1094 2184 r)

91 2206 241 2268 bubulum
263 2205 397 2286 tepidum
424 2206 582 2268 inlinitum.
619 2205 747 2285 ungulae
771 2207 846 2265 asini
873 2214 978 2276 28‚191.

92 2295 140 2356 vel
169 2297 240 2374 equi
263 2297 339 2356 cinis
367 2315 403 2356 ex
431 2313 507 2374 aqua
533 2295 579 2356 vel
607 2295 674 2356 oleo
700 2293 846 2355 inlinitur.
921 2331 946 2338 --

93 2383 242 2446 bubulum
267 2403 370 2446 sevum
399 2403 435 2445 ex
465 2383 529 2444 oleo
557 2386 729 2464 imponitur.
767 2382 847 2444 ebuli
873 2394 978 2456 111192.

167 2614 183 2663 2
203 2607 293 2664 edisse
310 2609 381 2678 ¹Pil
402 2625 462 2664 esse
480 2624 526 2664 eos
544 2625 655 2680 quoque
668 2626 696 2679 p.
710 2609 769 2678 prb
788 2608 833 2675 (ef.
850 2608 920 2677 Pl.):
940 2623 1001 2664 esse
1016 2608 1112 2662 autam

94 2696 144 2735 eos
161 2697 189 2748 p.
208 2680 235 2734 d.
289 2685 306 2734 3
326 2679 423 2750 digitis
441 2680 583 2750 quaternis
601 2696 652 2736 om.
673 2679 718 2736 Pl.
738 2680 798 2748 (aas
816 2679 948 2734 extremis
965 2677 1113 2748 partibus).

131 2757 149 2806 8
167 2749 274 2805 oiroum
291 2750 395 2806 liniunt
412 2752 484 2820 prb:
503 2750 629 2807 illiniunt
646 2752 675 2806 d.
721 2750 877 2805 etridnum
890 2751 917 2804 d.
968 2754 1001 2803 11
1016 2747 1113 2818 pestil-

94 2819 138 2876 los
161 2822 198 2876 rb
218 2821 299 2891 (Pl.):
326 2821 441 2892 pastillo
463 2839 494 2892 9,
517 2821 638 2893 pastello
660 2823 686 2877 d.
713 2823 717 2889 Ι
741 2821 800 2888 Que
823 2820 897 2888 sid,
924 2819 1005 2891 qussi
1020 2837 1039 2890 9
1062 2819 1113 2887 (sio
1148 2821 1154 2825 ’

95 2909 150 2962 qne
169 2893 204 2962 b).
257 2899 289 2946 12
308 2892 456 2964 puxidep,
474 2892 569 2963 pixide
579 2893 605 2948 d.
627 2896 633 2960 Ι
651 2892 730 2948 utilis
743 2891 838 2961 (utiles
852 2893 882 2961 b,
900 2907 951 2946 om.
966 2892 1041 2960 snut)
1059 2889 1112 2959 pb:

94 2961 178 3018 utilis
200 2966 266 3018 sont
288 2964 314 3020 d.
388 2970 421 3018 13
450 2965 629 3034 spostometa
655 2981 681 3035 p.
755 2969 790 3018 14
811 2965 878 3018 sont
903 2963 1009 3017 smume
1036 2963 1063 3017 d.

97 3041 130 3090 15
150 3033 363 3106 emenmligetur
380 3037 407 3090 d.
458 3042 492 3090 16
506 3035 661 3110 Milspedp,
678 3033 839 3104 Millipedes
851 3034 871 3088 d
884 3032 1063 3104 (millepedse
1077 3033 1112 3100 b).

131 3111 165 3159 17
183 3103 293 3162 resinae
310 3105 518 3162 terebinthinae
538 3107 584 3163 Pl.
653 3113 687 3161 19
705 3105 885 3175 apostemate
901 3121 927 3176 p.
952 3105 958 3174 Ι
982 3104 1114 3187 Axungis

93 3176 162 3232 vivs
178 3181 226 3232 ete.
245 3179 286 3232 sie
303 3178 323 3232 d
335 3179 469 3247 plenitus
486 3179 592 3232 omissis
615 3175 752 3247 (admixto
772 3175 866 3231 forins
883 3177 1114 3232 sarmentum

94 3249 187 3304 testae
200 3248 258 3318 Pl,
278 3265 342 3303 enm
359 3249 434 3304 teste
451 3249 512 3305 vesi
529 3247 736 3304 mhamentnrii
753 3249 872 3303 oontuss
886 3249 1113 3318 More.p.109):

94 3318 166 3374 Oslx
182 3319 250 3376 viva
267 3321 330 3388 (em.
343 3320 476 3404 axungia)
494 3320 561 3391 prb.
616 3324 652 3374 20
670 3318 754 3373 suillo
766 3320 804 3374 rb
819 3320 887 3388 (Pt,
905 3319 966 3390 doz
989 3319 1046 3375 suis
1063 3319 1112 3390 pd.

145 3396 178 3444 21
199 3390 352 3446 auxilietur
372 3391 481 3447 nlihter
498 3393 524 3448 d.
549 3393 554 3458 1
578 3389 630 3445 fel:
653 3390 700 3445 vel
718 3389 779 3445 Stil.
799 3391 882 3460 (Jove)
905 3391 987 3446 enit.
1010 3397 1068 3461 typ.

94 3468 128 3518 22
148 3466 174 3516 et
184 3462 383 3589 ptbbpbmm
396 3479 434 3534 pr
448 3463 529 3532 (Pl.):
548 3459 715 3518 bubulinum
729 3462 756 3516 d.
806 3467 840 3516 23
854 3461 901 3516 vel
916 3461 975 3516 Pl:
995 3462 1024 3515 et
1040 3459 1115 3529 pdr.

130 3540 167 3588 24
211 3551 266 3588 eu
279 3532 286 3546 ⁶
300 3551 325 3605 9.

147 3637 218 3678 Plinii
230 3635 327 3678 iunioris
340 3634 459 3678 modiolos.
938 3626 954 3674 6
