2517 3925
561 201 804 266 -138—

208 353 253 432 Pi.
349 370 430 429 1111.
452 371 503 426 De
526 370 711 429 coliandro.

185 453 272 519 ²⁰¹⁸2·
350 472 415 533 Non
443 471 614 534 dubitanter
646 472 797 535 coliandro
829 470 1034 551 refrigeratrix
1059 478 1180 551 potestas

201 554 264 610 Gal·
285 563 384 643 datur,
408 580 467 622 non
490 569 588 622 tamen
613 561 751 643 simmei,
765 555 808 622 ‘ut
829 560 1062 640 prudentissime
1080 559 1180 620 Galam
1236 565 1238 574 ’

174 636 227 687 XH’
243 632 414 732 ³⁶videtur‚
437 650 490 712 sed
510 652 559 711 cui
578 649 722 730 quaedam
744 653 843 730 portio
866 652 1049 711 austeritatis
1070 651 1182 710 inmixta

283 744 330 821 sit,
344 739 508 819 indequod
523 740 667 819 quaedam
682 758 719 800 er
732 758 768 799 eo
777 742 848 801 vitia
862 747 1008 801 curantur
1022 757 1096 818 quae
1106 756 1182 798 num·

283 848 371 911 quam
385 830 505 889 omnino
525 836 652 910 sanaret,
671 831 697 890 si
711 830 774 889 sola
787 831 897 890 virtute
916 829 1022 907 frigida
1036 830 1182 888 niteretur.
1194 834 1203 875 ⁵
1236 843 1238 890 t

283 938 352 980 cum
374 916 461 979 melle
485 925 515 977 et
537 935 593 978 uva
620 936 708 997 passa
735 920 839 979 tritum
858 924 889 979 et
907 919 1071 997 inpositum
1090 934 1183 976 omnes
1236 910 1238 976 l

282 1016 416 1069 tumores
434 1006 685 1086 collectionesque
705 1010 875 1087 compescit.
912 1008 1072 1086 praecipue
1094 1013 1184 1065 tamen

282 1098 340 1158 isto
359 1113 468 1176 genere
483 1096 687 1157 medicaminis
706 1095 859 1157 doloribus
872 1098 994 1157 testium
1009 1093 1184 1156 subvenitur.

283 1204 355 1247 suco
370 1186 567 1263 maligranati
586 1193 616 1245 et
629 1184 694 1245 oleo
708 1186 739 1245 in
753 1183 875 1264 potione
889 1186 1072 1264 permirtum
1085 1184 1184 1243 anima·

282 1275 320 1335 lia
329 1276 491 1336 interaneis
501 1276 600 1336 innata
614 1276 815 1353 persequitur.
838 1291 941 1334 semen
950 1292 987 1333 ex
1000 1290 1078 1353 aqua
1091 1279 1185 1353 potum
1195 1278 1212 1317 1⁰

283 1364 462 1424 solutionem
481 1365 594 1423 ventris
613 1364 759 1441 astringit.
791 1365 936 1442 scriptum
957 1380 973 1421 a
996 1361 1100 1423 multis
1121 1360 1183 1439 legi·

282 1460 333 1514 tur
366 1453 423 1511 tria
455 1449 598 1511 coliandri
631 1469 722 1530 grana
750 1454 892 1512 tertianas
920 1449 1094 1532 excludere,
1124 1456 1184 1509 ante

283 1542 484 1600 accessionem
512 1542 538 1599 si
568 1540 681 1601 luerint
708 1540 855 1601 devorata.
892 1540 988 1601 isdem
1014 1537 1184 1619 repellendis

283 1629 388 1689 efficax
411 1636 457 1689 est
478 1630 577 1708 ipsum
597 1629 782 1690 coliandrum
801 1637 869 1690 ante
893 1629 965 1689 solis
988 1635 1090 1689 ortnm
1112 1630 1184 1707 igno·

282 1719 377 1779 rantis
401 1716 539 1778 cervicali
562 1717 661 1778 viride⁴
680 1717 856 1780 subiectum.
898 1719 1008 1779 mirum
1036 1726 1085 1778 est
1113 1713 1212 1795 quod1⁵

283 1805 467 1868 Xenocrates
493 1808 597 1889 tradit,
628 1809 653 1868 si
674 1825 768 1868 arnum
789 1809 911 1867 seminis
935 1824 1064 1886 granum]
1087 1806 1185 1866 semina
1236 1775 1238 1818 Ι

282 1894 406 1977 biberit,
437 1913 498 1956 rrno
520 1895 579 1956 ,die
610 1897 638 1956 ei
667 1903 821 1957 menstrua
850 1898 1011 1970 contineri,
1044 1894 1136 1955 biduo
1164 1893 1184 1950 si

283 1985 356 2067 duo,
384 1993 423 2052 et,
437 1986 562 2046 totidem
589 1987 649 2046 iam
671 1984 778 2046 diebus
809 1992 881 2064 quot
909 2003 1000 2064 grana
1022 1983 1185 2064 sumpserit.

206 2143 282 2228 (35)'
345 2144 521 2202 Coriendrnm
537 2144 661 2202 calefacit
674 2153 703 2202 et
722 2146 850 2220 stringit,
872 2161 999 2202 somnum
1014 2145 1099 2201 etiam
1119 2141 1185 2198 lacit.

283 2247 344 2286 cum
364 2230 444 2287 melle
471 2235 499 2287 et
520 2246 570 2286 uva
592 2247 671 2304 passa
694 2231 788 2288 tritum
810 2231 960 2305 inpositum
981 2245 1079 2286 omnes
1108 2237 1216 2285 tomo-tt

282 2331 326 2370 res
350 2315 582 2389 collectionesque
598 2317 754 2390 compescit.
789 2315 883 2371 tritum
906 2331 967 2370 cum
989 2322 1070 2370 aceto
1092 2311 1186 2368 morsui

282 2397 379 2454 canino
408 2401 536 2456 occurrit.
579 2417 662 2457 sucus
690 2401 749 2456 eius
776 2415 838 2455 cum
867 2399 928 2456 oleo
956 2401 1057 2454 mixtus
1086 2403 1189 2473 potatur

281 2491 377 2540 contra
398 2481 547 2542 lumbricos
569 2490 597 2540 et
627 2485 724 2554 tineas.
763 2479 871 2561 [semen
899 2485 958 2540 eius
985 2484 1013 2540 in
1036 2483 1111 2539 dulci
1132 2480 1186 2535 vino

282 2565 373 2622 datum
401 2569 546 2641 proniores
576 2567 666 2625 reddit
694 2569 723 2625 ln
749 2585 885 2624 venerem.
921 2570 945 2624 si
972 2585 1056 2641 supra
1085 2564 1187 2623 modum

282 2651 389 2708 dederis
409 2653 551 2708 amentiam
572 2654 670 2710 nutrit.
712 2670 795 2710 canos
817 2670 852 2710 en
879 2652 1023 2710 coriandro
1046 2650 1119 2708 inlici
1141 2652 1215 2705 tra-²⁵

282 2736 367 2792 ditum
390 2731 457 2812 est]

1236 2830 1238 2869 ι

177 2967 180 2974 .
247 2922 288 2977 tit.
308 2927 333 2976 et
353 2928 365 2974 1
387 2920 530 2976 coliandro
552 2923 607 2991 pol
629 2922 675 2992 (cf.
694 2919 796 2976 Dan
833 2919 1021 2988 el.Graec.):
1047 2916 1187 2974 codandro

172 2993 219 3047 rt.
250 2995 315 3047 item
330 2993 418 3060 iufra.
473 2993 620 3064 agalieno
642 3009 690 3062 qo.
745 2991 810 3046 tin
830 3008 846 3047 e
868 2991 1008 3061 pcl(rb):
1035 2990 1104 3058 fort.
1122 2988 1188 3043 ideo.

176 3063 231 3134 lea
248 3079 295 3132 pv.
350 3069 366 3117 t
386 3066 500 3120 sanaret
515 3064 627 3133 petto:
647 3065 758 3119 curaret
774 3063 821 3118 rb.
841 3064 846 3130 Ι
866 3061 1004 3117 niteretur
1015 3062 1116 3132 qvos:
1134 3061 1188 3112 utc-

172 3135 251 3190 ratur
267 3134 304 3188 rb
323 3135 404 3204 (catal
417 3136 525 3192 euctaei
538 3152 572 3190 en
585 3136 615 3204 l).
666 3140 682 3188 9
702 3137 732 3190 et
749 3135 812 3191 oleo
830 3133 1010 3204 impositione
1023 3130 1190 3202 permixtum
1236 3142 1238 3147 ·

173 3221 205 3273 o,
224 3207 254 3261 et
271 3205 328 3260 olei
345 3205 489 3276 impositio
508 3209 551 3262 est
569 3204 741 3277 permixtum
763 3207 823 3274 (sic)
842 3206 860 3260 l.
915 3209 947 3259 11
968 3203 1117 3274 assuingit
1134 3201 1189 3268 (etc)

172 3292 204 3347 9,
223 3275 356 3346 astingis
372 3278 417 3332 ol:
436 3276 551 3348 stringit
565 3279 612 3334 rb.
629 3280 634 3347 1
651 3293 702 3332 scr.
721 3293 739 3332 a
756 3275 867 3332 multis:
890 3274 990 3330 iubent
1007 3274 1098 3344 aliqui
1117 3272 1188 3326 Plio.

212 3352 245 3402 12
264 3346 400 3402 tertianas
418 3365 469 3404 om.
484 3350 502 3403 l.
549 3355 582 3403 13
601 3348 705 3403 isdem:
723 3348 835 3403 hisdem
847 3347 980 3417 poluit).
995 3347 1002 3414 l
1016 3341 1191 3416 repellendus

172 3419 211 3474 rb
229 3420 288 3488 (ott.
306 3420 383 3488 app).
441 3426 475 3474 14
491 3419 650 3490 ignorantis
673 3435 733 3490 eqo:
755 3418 900 3489 ignorami
921 3434 959 3487 po
973 3417 1045 3486 (rb),
1067 3432 1122 3472 om.
1140 3413 1157 3467 l.

175 3495 208 3571 tt
217 3489 324 3614 dbiduq1
330 3491 388 3630 an
407 3490 464 3545 duo
477 3507 515 3560 qo
526 3492 596 3560 (rb),
616 3491 724 3547 duobus
742 3491 753 3544 l
769 3490 851 3560 (Duo.
871 3490 926 3544 duo
944 3505 975 3557 o,
991 3488 1038 3544 sed
1054 3488 1110 3556 ips.
1124 3499 1190 3539 corr.

174 3577 200 3614 ss
236 3576 281 3615 uo.
325 3577 381 3615 uo.
