2517 3925
507 169 726 235 „41-

107 334 221 403 denarii
251 336 438 421 singidonum
469 356 573 402 rerum
600 340 741 399 omnium.
783 338 857 399 hoec

107 450 143 492 ex
155 433 225 493 vino
245 431 403 511 diligenter
416 438 557 492 teruntur
571 428 607 489 od
629 427 858 489 crassitudinem

106 520 193 601 paulo
208 522 382 601 spissiorem
401 538 490 600 quam
504 518 609 579 mellis.
637 534 675 578 ex
688 516 746 578 hoc
764 515 856 576 medi·

106 618 243 671 cemento
270 611 356 670 initio
383 608 501 689 pondus
523 608 672 668 victoriati
698 608 730 666 in
758 604 858 666 tribus

81 698 219 780 septenis
238 716 331 778 opine
347 697 486 759 euntibus
501 697 662 757 dormitum
676 694 773 776 ditior,
786 712 857 754 mon

106 787 214 849 deinde
238 806 275 849 ex
298 787 403 849 eodem
432 786 520 848 modo
543 802 637 865 epioe
664 784 782 864 pondus
805 782 855 843 de-

106 878 191 939 narii.
241 877 337 957 primo
373 878 494 958 potione
530 874 686 954 proiectus
717 873 857 951 sentitur,

106 964 215 1027 deinde
243 964 411 1026 incredibili
438 964 515 1025 saltu
543 962 709 1043 explicatur
732 962 856 1022 curatio.

179 1249 310 1322 Liber
342 1248 568 1321 secundus,

262 1416 289 1472 L
310 1413 477 1472 Pthieieis.

174 1534 296 1596 Invenio
315 1538 374 1596 iam
388 1534 580 1613 desperatum
597 1535 761 1615 pthisicum
774 1554 857 1597 sono·

69 1636 93 1675 10
106 1632 172 1685 tum
195 1624 253 1685 hoc
270 1624 367 1685 modo.
395 1622 526 1685 radicem
545 1624 689 1703 decoquis
707 1626 739 1685 in
757 1627 860 1705 punici
931 1630 947 1663 *

106 1713 178 1773 mali
200 1715 328 1775 cortice:
351 1713 478 1774 mixtum
497 1732 534 1774 ex
557 1731 651 1791 equae
671 1714 777 1793 cyatho
796 1732 857 1775 uno

106 1809 137 1863 et
170 1802 256 1863 lactis
287 1804 353 1883 pari
379 1819 520 1863 mensuro
552 1802 674 1863 cottidie
707 1811 859 1881 sumptum

105 1891 230 1974 proluit.
270 1890 344 1953 utile
371 1899 418 1952 est
443 1891 581 1972 pthisicie
609 1899 640 1952 et
670 1891 767 1972 longis
798 1890 859 1951 lon-
887 1900 974 1966 2438.
1053 1904 1057 1909 ·

106 1980 252 2062 guoribus
266 1983 318 2061 qni
337 1988 478 2042 tenentur
496 1983 608 2042 morari
621 1983 653 2042 in
668 1980 794 2042 saltibus
807 1980 859 2042 uhi

79 2073 158 2150 opix
172 2073 319 2150 noscitur,
339 2066 450 2149 (plus)
470 2088 559 2150 quom
577 2073 609 2132 in
627 2071 703 2132 mari
720 2073 859 2150 navigare

107 2168 138 2220 et
165 2161 279 2220 marino
307 2160 370 2219 loca
397 2161 526 2221 visitare.
568 2162 670 2220 cancri
701 2158 859 2220 fluviatiles
886 2169 991 2232 enne.

180 2335 194 2382 1
215 2327 341 2385 omnium
359 2329 515 2399 speoiemm
529 2346 611 2400 poree
630 2345 775 2386 mensores
791 2331 852 2386 tere
866 2328 1017 2400 diligenter
1032 2329 1126 2385 Mare.

143 2406 214 2456 tex
231 2399 298 2456 vino
316 2402 336 2456 d
353 2403 401 2470 (ex
417 2400 484 2456 vino
503 2403 599 2457 vetere
618 2402 737 2472 More.):
766 2417 800 2456 ex
817 2417 874 2456 nno
891 2417 917 2471 p.
999 2401 1123 2457 tmedi-

105 2471 231 2526 cementi
248 2472 268 2526 d
286 2471 339 2540 (to
357 2473 414 2542 pr).
468 2478 531 2543 tp.
549 2491 590 2527 v.:
612 2472 644 2527 id
662 2474 707 2528 eet
723 2470 872 2528 dimidium
890 2471 1041 2527 drachmae
1060 2474 1126 2528 odd.
1245 2506 1246 2523 r

106 2542 201 2597 More.
258 2542 407 2612 'lpotione
424 2544 456 2612 d,
474 2543 614 2613 positione
633 2545 691 2613 (sed
708 2543 733 2598 ei
750 2559 785 2598 eo
802 2545 968 2612 correctore)
985 2559 1011 2613 p.
1064 2545 1126 2599 εἰη
1242 2541 1246 2549 ’

103 2614 161 2681 fine
178 2614 244 2682 (litt.
262 2612 328 2681 moi.
352 2615 380 2684 p)
403 2613 490 2669 Plinii
509 2614 630 2671 Secundi
653 2615 745 2671 liber.
765 2616 786 2669 Ι.
810 2615 851 2668 De
873 2613 1015 2670 medicine
1033 2614 1126 2685 explic
1243 2618 1245 2651 ³

104 2683 236 2740 feliciter.
277 2683 420 2755 Incipiunt
446 2691 508 2756 copi.
531 2685 659 2741 librili.
681 2701 707 2755 q.
731 2688 738 2756 Ι
761 2683 887 2754 Explicit
912 2685 985 2741 liber
1011 2685 1127 2755 primus.
1242 2730 1243 2759 3

104 2754 251 2825 Incipiunt
269 2755 395 2826 capitulo
412 2755 479 2811 libri
496 2757 530 2811 H.
549 2758 576 2813 d.
650 2758 692 2811 tit.
716 2757 758 2812 De
781 2755 911 2826 pthisieio
928 2772 959 2826 p,
982 2755 1027 2811 Ad
1045 2755 1128 2810 thisi-
1241 2813 1242 2825 p

105 2843 155 2882 cos
171 2827 199 2882 d.
273 2827 461 2897 epthisicom
477 2843 508 2897 p,
530 2827 702 2883 thisicumd
725 2829 799 2896 (item
820 2827 918 2896 iofro).
991 2833 1026 2881 10
1044 2826 1126 2882 deco

104 2897 170 2968 quis
187 2913 219 2967 pr
239 2914 319 2968 -qnee
338 2899 365 2954 d.
438 2904 470 2951 11
490 2898 623 2954 mixtum:
642 2897 731 2953 mixto
749 2900 799 2968 φά.
824 2900 828 2966 Ι
853 2913 958 2968 oquae:
984 2913 1059 2968 oque
1075 2899 1127 2968 od.

143 2974 176 3023 12
196 2968 314 3024 cottidie
334 2967 447 3037 (cotidie
465 2971 493 3040 d)
512 2970 616 3040 sumpti
635 2973 753 3041 prosunt
765 2971 808 3039 φά
826 2967 964 3038 (qnotidie
982 2971 1126 3039 sumptum

105 3039 247 3112 [sumptui
269 3039 297 3110 t]
322 3040 391 3095 dcto
413 3040 520 3110 proluit
542 3043 576 3112 r).
642 3046 676 3096 15
695 3040 744 3111 pix
762 3041 782 3096 d
799 3041 844 3110 (ee.
863 3039 983 3111 piceoe):
1001 3040 1084 3111 pinus
1101 3058 1125 3096 r.

103 3111 278 3252 lusti
296 3111 523 3255 itpli‘tltli
541 3113 577 3184 o.
598 3111 1126 3253 'tune-uitulum

104 3253 201 3308 More.
211 3270 244 3323 p.
259 3258 323 3308 119:
344 3252 399 3320 Qui
415 3254 523 3323 phthisi
541 3253 709 3310 adliciuntur
726 3253 870 3310 maritimo
886 3254 951 3310 loco
968 3253 1059 3309 vitare
1077 3254 1127 3309 de-

102 3324 176 3380 bent
193 3325 281 3394 etque
299 3324 361 3381 illic
377 3325 499 3380 moxime
517 3326 567 3382 ubi
588 3326 638 3410 pix
662 3325 809 3381 coniicitur
827 3325 1002 3382 commorari.
1030 3325 1064 3392 ef.
1083 3327 1126 3380 ed.

103 3395 186 3480 diem.
205 3396 339 3480 'luditur
356 3397 426 3482 utile
445 3413 505 3453 esse
523 3396 640 3482 ptpercis
659 3398 689 3452 et
710 3397 803 3468 longis
820 3397 1004 3480 languoribus
1021 3395 1126 3451 morari

102 3486 135 3522 m
165 3467 285 3524 saltibus
311 3468 362 3524 nbi
407 3485 470 3524 mus
488 3469 621 3525 noscitur.
654 3468 770 3538 Aqnoso
787 3484 854 3525 vero
880 3470 910 3523 et
931 3482 1040 3524 morino
1061 3464 1128 3521 loce

103 3538 212 3604 debent
229 3539 351 3608 vitarit
395 3539 502 3597 nvioles
521 3543 547 3597 d.
